2418 3949
110 121 183 166 425

461 278 635 318 CAPUT
664 279 733 319 IV.

109 395 187 434 Quae
200 394 238 425 sit
257 404 330 425 vera
345 394 443 436 pietas
456 418 464 431 ‚
486 404 555 435 quae
572 393 706 424 solitudo
717 417 724 430 ‚
744 402 850 434 quaeve
867 391 999 427 reclusio
1018 390 1101 420 cellae

420 447 583 489 Religiosis
606 451 797 488 competens.

163 559 198 595 9.
219 560 339 597 Pietas
369 560 469 596 enim
500 559 579 595 haec
601 567 657 594 est
682 557 783 606 jugis
801 557 869 594 Dei
898 556 1101 600 memoria,

107 619 284 655 continua
299 618 519 655 intentionis
535 618 632 654 actio
644 617 689 653 ad
708 615 988 665 intelligentiam
1006 613 1100 663 ejus,

109 677 294 714 indefessa
311 677 458 713 affectio
479 676 517 712 in
532 689 698 712 amorem
718 674 798 724 ejus
821 690 827 711 :
852 674 1013 710 utnulla
1027 686 1101 709 un-

110 748 221 785 quam
248 736 415 772 inveniat
443 748 592 772 servum
622 736 715 779 Dei,
744 748 820 770 non
849 734 969 770 dicam
999 733 1100 779 dies,

109 793 174 831 sed
199 794 310 840 hora,
336 794 405 830 nisi
438 794 496 830 vel
528 794 566 829 in
586 793 754 829 exercitii
774 792 903 829 labore
923 801 960 828 et
979 793 1100 841 profi-

109 852 232 889 ciendi
264 852 409 898 studio,
436 852 494 888 vel
524 852 560 888 in
582 851 826 900 experientiae
845 850 1046 886 dulcedine
1064 859 1102 887 et

110 911 258 948 fruendi
284 911 433 960 gaudio.
461 914 550 947 Haec
578 919 633 946 est
662 911 797 959 pietas,
820 909 866 946 de
893 923 966 958 qua
1000 915 1103 958 Apo-

648 130 879 166 EPISTOLA
910 132 974 165 ΑΙ)
1005 130 1223 166 FRATRES
1251 130 1316 164 DE
1346 129 1631 165 MONTE-DEI.

1098 204 1147 223 20⁴

2085 124 2160 160 426

1162 213 1198 241 et
1217 206 1309 241 cella
1324 219 1460 242 nomen
1480 206 1618 242 habere
1631 205 1830 241 videntur:
1848 212 1884 240 et
1898 203 2001 253 quod
2018 203 2159 239 celatur

1119 263 1150 297 A
1172 264 1208 299 in
1223 265 1346 310 coelis,
1363 265 1436 301 hoc
1451 266 1539 301 etin
1559 265 1659 302 cellis
1678 280 1684 300 :
1702 264 1804 314 quod
1824 264 1965 313 geritur
1984 261 2156 305 incaelis,

1166 323 1238 360 hoc
1258 333 1295 361 et
1313 324 1351 360 in
1368 326 1482 361 cellis.
1499 325 1686 372 Quidnam
1709 333 1763 361 est
1783 324 1881 360 hoc?
1902 327 2042 360 Vacare
2058 325 2153 364 Deo,

1167 383 1239 420 frui
1258 387 1353 420 Deo.
1378 384 1488 431 Quod
1514 398 1598 420 cum
1617 384 1822 420 secuudum
1846 383 2017 420 ordinem
2037 382 2097 431 pie
2120 388 2157 416 et

1168 443 1329 479 fideliter
1342 443 1553 479 celebratur
1572 444 1608 479 in
1626 444 1728 480 cellis
1741 473 1750 489 ,
1771 443 1892 480 audeo
1911 442 2035 479 dicere
2048 471 2057 487 ,
2075 453 2159 477 san-

1167 502 1215 537 cti
1235 502 1367 550 Angeli
1388 503 1456 538 vDei
1476 502 1587 537 cellas
1603 501 1742 537 liabent
1764 515 1832 551 pro
1853 502 1956 538 coelis
1971 531 1979 547 ,
2001 509 2037 537 et
2055 513 2159 548 aeque

1166 560 1400 596 delectantur
1427 560 1464 595 in
1492 560 1593 595 cellis
1618 574 1659 595 ac
1687 561 1723 595 in
1747 561 1862 596 coelis.
1892 565 1985 597 Nam
2015 572 2098 596 cum
2121 559 2158 594 iu

1167 620 1259 655 cella
1280 619 1421 668 jugiter
1448 619 1613 655 coelestia
1641 616 1866 664 actitantur,
1898 621 2033 656 coelum
2059 619 2160 654 cellae

1167 687 1205 715 et
1223 678 1448 715 sacramenti
1474 677 1742 722 similitudine,
1768 686 1804 713 et
1830 678 1978 726 pietatis
2004 679 2159 721 affectu,

1166 747 1203 775 et
1216 738 1345 775 similis
1360 737 1485 786 operis
1499 737 1635 772 affectu
1652 737 1866 785 proximum
1885 737 2047 772 eflicitur
2066 752 2072 772 ε
2092 749 2160 771 nec

1162 797 1240 846 jam
1261 797 1408 847 spiritui
1430 796 1575 842 oranti,
1597 796 1655 832 vel
1674 796 1785 831 etiam
1804 808 1825 831 a
1845 807 2005 843 corpore
2025 808 2162 830 exeun—

1169 858 1216 903 ti,
1239 870 1259 893 a
1287 856 1380 892 cella
1400 856 1437 892 in
1459 856 1598 891 coelum
1618 856 1729 903 longa
1749 855 1808 890 vel
1838 853 2000 889 difficilis
2022 854 2080 888 via
2102 853 2161 888 in-

1169 916 1332 951 venitur.
1345 918 1375 952 A
1387 915 1479 950 cella
1494 914 1593 950 enim
1611 913 1648 949 in
1664 914 1798 950 coelum
1816 926 1914 961 saepe
1930 911 2162 955 ascenditur3

108 970 227 1007 stolus
241 970 418 1007 dilectum
436 969 743 1019 sibidiscipulum
758 969 936 1005 admonet
950 969 1099 1006 dicens:
1121 977 1149 1011 Β
1169 975 1231 1012 vix
1249 975 1373 1011 autem
1395 987 1561 1023 unquam
1584 986 1603 1009 a
1623 973 1715 1009 cella
1732 973 1769 1009 in
1790 973 1978 1008 infernum
2005 971 2163 1007 (lescen-

109 1031 256 1065 Exerce
279 1034 509 1078 temetipsum
539 1032 592 1064 acl
618 1034 809 1077 pleintem.
840 1030 938 1064 Nam
969 1042 1101 1076 corpo-

110 1091 202 1124 ralis
219 1093 431 1125 exercitatio
458 1091 510 1124 ad
532 1091 715 1124 modic-nm
747 1092 850 1124 utilis
882 1097 944 1123 est.
974 1089 1103 1123 Pietas

109 1162 198 1184 vero
229 1151 282 1184 ad
307 1162 416 1184 omne
442 1162 532 1197 opus
561 1148 695 1183 honum
724 1156 777 1183 est
807 1150 933 1189 utilis,
966 1146 1104 1182 habens

102 1212 383 1256 promissionem
406 1210 496 1244 vitoe
525 1221 613 1255 quoe
640 1220 737 1242 mmc
765 1216 818 1241 est
850 1215 885 1241 et
905 1204 1047 1254 fictura?
1076 1213 1101 1242 ¹.

111 1267 261 1304 Pietatis
287 1268 387 1304 enim
417 1281 494 1304 non
515 1266 755 1304 solummodo
773 1267 952 1315 sormam,
982 1266 1046 1302 sed
1066 1275 1103 1302 et

110 1328 305 1364 veritatem
340 1328 377 1364 in
411 1326 588 1364 omnibus
621 1335 657 1363 et
688 1339 765 1376 prae
797 1325 974 1361 omnibus
994 1325 1103 1362 habi-

112 1395 171 1423 tus
184 1395 308 1424 vester
331 1387 580 1436 repromittit,
601 1386 840 1436 propositum
861 1393 1026 1421 vestrum
1045 1399 1104 1421 re-

111 1447 239 1496 quirit.
271 1451 386 1493 Nam,
413 1448 507 1483 sicut
529 1446 628 1483 idem
661 1445 856 1494 apostolus
883 1444 994 1489 dicit,
1015 1446 1106 1490 Sunt

113 1506 409 1556 allqaiformam
430 1510 577 1556 quidem
592 1511 744 1555 pietalis
764 1505 940 1542 habentes
952 1534 962 1550 ,
986 1510 1106 1541 vinu-

113 1577 184 1603 lem
206 1576 329 1603 autem
351 1572 430 1613 ejus
454 1566 679 1614 abnegantes
701 1572 726 1601 ².
748 1568 855 1601 Hanc
875 1565 1104 1613 quicumque

112 1633 278 1662 vestrum
297 1639 374 1662 non
392 1625 504 1661 habet
524 1626 560 1661 in
582 1624 829 1669 conscientia,
854 1636 931 1659 non
951 1623 1105 1660 exhibet

112 1685 152 1722 in
174 1685 269 1729 vita,
305 1697 382 1721 non
405 1693 555 1721 exercet
584 1685 622 1720 in
651 1683 764 1730 cella3
797 1696 874 1719 non
896 1683 1105 1726 solitarius,

1168 1035 1288 1078 ditur,
1309 1033 1380 1070 nisi
1398 1034 1494 1069 sicut
1518 1032 1609 1068 dicit
1631 1032 1847 1077 Psalmista,
1866 1032 2104 1067 Descendunt
2128 1033 2163 1063 in

1169 1093 1356 1142 infernum
1383 1090 1593 1138 viventes³3
1625 1091 1822 1136 videlicet,
1854 1104 1901 1127 ne
1933 1088 2165 1126 descendant

1171 1155 1387 1191 morientes.
1409 1156 1492 1189 Hoc
1519 1153 1617 1188 enim
1639 1151 1754 1188 modo
1775 1163 1873 1200 saepe
1896 1150 2074 1186 cellarum
2103 1148 2164 1183 in-

1171 1213 1262 1250 colae
1282 1213 1319 1249 in
1346 1212 1534 1248 infernum
1565 1210 1809 1247 descendunt.
1831 1210 1935 1246 Sicut
1955 1208 2053 1244 enim
2073 1207 2165 1243 assi-

1172 1273 1245 1309 due
1263 1271 1557 1321 contemplando
1576 1271 1738 1307 revisere
1758 1277 1884 1306 amant
1900 1267 2035 1316 gaudia
2055 1266 2167 1303 coele—

1169 1333 1259 1378 Stia,
1280 1340 1321 1368 ut
1341 1331 1533 1368 ardentius
1563 1343 1604 1366 ea
1633 1337 1813 1379 appetant
1840 1343 1846 1363 :
1875 1328 1926 1364 sic
1952 1335 1988 1363 et
2015 1326 2167 1363 dolores

1170 1391 1328 1436 inferni,
1359 1399 1401 1426 ut
1430 1390 1611 1426 horreant
1641 1397 1677 1424 et
1704 1387 1902 1435 refugiant.
1933 1390 1979 1422 Et
2009 1385 2082 1421 lioc
2110 1394 2166 1420 est

1171 1449 1273 1499 quod
1292 1450 1548 1498 imprecantur
1564 1447 1725 1483 inimicis
1743 1446 1820 1482 suis
1835 1453 2006 1489 orantes,
2028 1443 2167 1480 scilicet

1171 1517 1212 1545 ut
1248 1509 1475 1544 descendant
1500 1511 1537 1542 in
1569 1504 1757 1553 infernum
1792 1510 1963 1540 viventes.
2000 1504 2166 1539 Moriens

1169 1577 1294 1604 autem
1314 1568 1375 1604 vix
1393 1576 1457 1603 aut
1476 1579 1670 1615 nunquam
1689 1564 1823 1613 aliquis
1843 1578 1863 1600 a
1881 1564 1973 1599 cella
1990 1563 2025 1598 in
2047 1563 2166 1598 infer—

1170 1640 1260 1663 num
1282 1626 1496 1671 descendit3
1521 1625 1608 1674 quia
1630 1625 1690 1660 vix
1716 1637 1882 1672 unquam
1911 1623 2070 1671 aliquis,
2096 1622 2167 1657 nisi

1172 1687 1267 1723 coelo
1296 1686 1604 1736 praedestinatus,
1634 1684 1672 1720 in
1704 1697 1746 1720 ea
1779 1696 1896 1732 usquc
1928 1682 1973 1718 ad
2005 1689 2166 1717 mortem

113 1743 177 1781 sed
205 1744 308 1781 solus
337 1743 520 1780 dicendus
539 1752 594 1780 est
615 1758 623 1779 ι
646 1756 713 1779 nec
741 1743 833 1779 cella
848 1743 879 1778 ei
904 1743 1016 1788 cella,
1041 1742 1105 1779 sed
1126 1748 1152 1784 C
1172 1746 1346 1795 persistit.

112 1804 274 1840 reclusio
290 1812 327 1839 et
342 1816 469 1840 carcer
483 1811 549 1839 est.
567 1806 663 1838 Vere
680 1802 778 1838 enim
800 1802 902 1837 solus
921 1810 997 1846 est,
1020 1815 1103 1837 cum

115 1876 191 1912 quo
210 1866 310 1899 Deus
337 1875 412 1898 non
437 1870 493 1898 est
526 1877 533 1897 :
565 1875 653 1897 vere
684 1862 850 1898 reclusus
870 1869 948 1906 est,
982 1862 1045 1909 qui
1068 1862 1104 1897 in

114 1925 196 1958 Deo
222 1920 318 1957 liber
338 1933 414 1956 non
439 1928 505 1956 est.
534 1919 704 1955 Solitudo
724 1920 822 1955 enim
839 1948 848 1964 ,
879 1927 916 1955 et
946 1920 1105 1956 reclusio

115 1989 202 2018 sunt
219 1980 373 2016 nomina
391 1979 547 2015 miseriae
574 1994 581 2015 t
607 1980 698 2016 cella
725 1987 848 2015 autem
868 1992 1104 2028 nequaquam

115 2038 227 2075 debet
259 2051 338 2075 esse
370 2038 527 2074 reclusio
559 2038 806 2082 necessitatis,
850 2038 913 2074 sed
947 2038 1106 2074 domici-

116 2099 205 2135 lium
224 2099 342 2148 pacis,
366 2099 502 2134 ostium
531 2099 717 2143 clausum3
739 2111 815 2133 non
838 2097 1011 2143 latebrae,
1042 2097 1106 2134 sed

114 2166 310 2195 secretum.

173 2217 228 2254 10,
247 2219 338 2254 Cum
354 2230 431 2266 quo
448 2217 545 2253 euim
567 2220 666 2252 Deus
682 2224 754 2261 est,
773 2229 964 2264 nunquam
983 2217 1105 2253 minus

114 2277 216 2313 solus
231 2285 308 2322 est,
325 2289 436 2325 quam
460 2288 543 2311 cum
556 2276 658 2311 solus
671 2283 737 2311 est.
749 2278 854 2311 Tunc
870 2275 967 2311 enim
988 2274 1104 2311 libere

115 2336 253 2372 fruitur
274 2335 411 2384 gaudio
432 2348 520 2380 suo,
543 2343 633 2370 tunc
656 2335 736 2384 ipse
759 2347 849 2371 suus
869 2343 924 2370 est
944 2333 1034 2380 sibi,
1058 2334 1103 2370 ad

112 2394 313 2431 fruendum
339 2396 416 2430 Deo
435 2394 472 2429 in
491 2406 549 2439 se,
564 2401 654 2429 etse
675 2393 712 2429 in
730 2396 823 2429 Deo.
841 2397 945 2429 Tunc
965 2393 1001 2429 iu
1022 2393 1104 2429 luce

111 2454 295 2500 veritatis,
317 2453 353 2490 in
383 2465 518 2489 sereno
545 2452 676 2488 mundi
711 2452 836 2488 cordis
866 2453 965 2488 ultro
1003 2461 1105 2502 patet

1231 1805 1286 1840 ll.
1310 1804 1442 1841 Filium
1466 1803 1564 1839 enim
1594 1803 1740 1851 gratim,
1763 1803 1923 1838 fructum
1947 1800 2088 1836 ventris
2111 1798 2168 1835 sui

1173 1864 1264 1899 cella
1283 1863 1404 1907 fovet,
1425 1862 1567 1906 nutrit,
1591 1861 1851 1910 amplectitur,
1871 1868 1908 1895 ct
1934 1859 1979 1895 ad
2002 1858 2167 1908 plenitu-

1173 1922 1298 1958 dinem
1323 1921 1569 1971 perfectionis
1601 1920 1797 1969 perducit,
1823 1927 1859 1954 ct
1883 1917 2075 1966 colloquio
2098 1917 2167 1953 Dei

1173 1982 1328 2029 dignum
1355 1981 1469 2017 efficit
1496 1994 1503 2015 z
1527 1980 1691 2015 alienum
1715 1992 1806 2015 vcro
1837 1978 1896 2013 vel
1928 1977 2167 2026 suppositum

1173 2040 1321 2077 abdicat
1336 2054 1355 2076 a
1375 2052 1413 2076 se
1429 2040 1538 2076 citius
1555 2047 1590 2075 et
1608 2037 1771 2088 projicit.
1786 2036 1897 2074 Unde
1915 2037 1965 2072 ait
1984 2035 2168 2071 Dominus

1173 2099 1218 2136 ad
1238 2103 1394 2148 Moysen
1415 2113 1421 2134 ε
1445 2100 1546 2134 Solw
1565 2100 1819 2132 calceamenta
1836 2097 1976 2143 pedum
1996 2104 2137 2129 luorum
2156 2109 2166 2128 .-

1173 2162 1271 2193 locus
1288 2163 1384 2193 enim
1401 2163 1438 2193 in
1457 2170 1525 2205 quo
1546 2166 1645 2200 stas,
1670 2165 1768 2190 terra
1792 2163 1921 2189 sam-ta
1944 2163 1994 2188 est
2008 2154 2033 2188 ⁴¹,
2061 2156 2167 2189 Mor-

1172 2218 1340 2253 ticinium
1359 2217 1457 2253 enim
1481 2223 1716 2251 mortuarum
1736 2213 1999 2257 affectionum,
2020 2212 2080 2248 vel
2099 2212 2170 2248 ho-

1171 2277 1308 2313 minem
1344 2284 1535 2312 mortuum
1569 2289 1588 2311 a
1617 2274 1754 2318 corde,
1791 2275 1897 2309 locus
1928 2282 2078 2309 sanctus
2109 2274 2168 2309 vel

1171 2344 1269 2372 terra
1287 2344 1415 2372 sancta
1437 2348 1673 2384 nequaquam
1695 2333 1755 2370 diu
1774 2333 1928 2382 patitur.
1950 2332 2050 2368 Cella
2070 2340 2170 2368 terra

1170 2404 1317 2441 sancta,
1340 2404 1376 2431 et
1396 2396 1500 2431 locus
1518 2402 1668 2431 sauctus
1685 2401 1758 2437 est,
1778 2393 1816 2428 in
1835 2406 1908 2441 qua
1930 2391 2116 2428 Dominus
2133 2401 2168 2427 et

1170 2467 1299 2490 servus
1332 2453 1414 2502 ejus
1445 2467 1543 2502 saepe
1573 2453 1868 2501 colloquuntur,
1903 2452 1999 2487 sieut
2030 2451 2087 2486 vir
2122 2451 2168 2486 ad

113 2512 180 2550 sibi
203 2526 298 2563 pura
318 2512 568 2558 conscientia,
591 2521 628 2548 et
646 2511 761 2548 libere
782 2525 820 2548 se
849 2512 885 2548 in
915 2526 953 2548 sc
984 2512 1107 2548 fundit
1123 2521 1155 2555 D
1172 2514 1331 2550 amicum
1353 2526 1475 2549 suum.
1495 2516 1537 2548 In
1557 2525 1631 2561 qua
1649 2510 1782 2547 crebro
1804 2510 1922 2546 fidelis
1939 2510 2063 2546 anima
2079 2513 2168 2546 Ver-

113 2573 245 2610 affecta
265 2572 310 2609 de
334 2576 413 2609 Deo
434 2572 614 2608 memoria
637 2585 643 2606 :
662 2580 698 2607 et
719 2572 776 2607 vel
798 2572 1030 2608 illuminatur
1048 2573 1105 2608 in-

114 2631 302 2677 tellectus,
317 2639 353 2667 et
368 2630 471 2667 bono
486 2644 554 2667 suo
571 2631 706 2666 fruitur
723 2630 899 2676 affectus;
915 2631 972 2667 vel
991 2631 1106 2667 libere

113 2704 152 2727 se
183 2691 305 2740 ipsum
336 2690 450 2726 deflet
488 2690 662 2727 liumanae
695 2690 901 2739 fragilitatis
926 2690 1104 2727 defectus.

113 2753 272 2799 Propter
291 2749 362 2786 hoc
383 2749 590 2786 seeundum
611 2750 767 2786 formam
787 2750 973 2799 propositi
992 2751 1105 2787 vestri

113 2809 326 2847 habitantes
350 2810 388 2846 in
412 2810 515 2846 coelis
539 2811 664 2860 potius
690 2823 803 2859 quam
824 2810 861 2846 in
892 2811 1014 2856 cellis,
1037 2824 1106 2847 ex-

114 2870 218 2907 cluso
236 2882 255 2906 a
274 2868 383 2905 vobis
412 2877 492 2905 toto
511 2870 668 2916 sreculo,
690 2877 789 2906 totos
808 2883 876 2906 vos
903 2870 1105 2907 inclusistis

115 2942 200 2965 cum
222 2932 314 2965 Deo.
337 2929 447 2965 Cellae
464 2929 647 2978 siquidem
670 2937 706 2965 et
726 2929 809 2965 coeli
833 2929 1016 2966 habitatio
1042 2944 1106 2966 co-

114 2996 236 3037 gnatae
256 2996 367 3033 sunt;
389 2988 477 3036 quia
497 2989 591 3024 sicut
612 2989 747 3024 coelum
770 2996 807 3024 et
827 2988 919 3024 cella
939 2988 983 3024 ad
1010 2989 1105 3024 iuvi-

116 3060 195 3083 cem
217 3047 394 3084 videntur
413 3048 575 3096 aliquam
598 3047 736 3083 habere
758 3047 1020 3096 cognationem
1039 3061 1106 3083 no-

119 3106 245 3152 minis,
269 3106 320 3142 sic
345 3115 380 3142 et
404 3107 563 3156 pietatis.
588 3110 617 3142 A
640 3106 797 3142 celando
824 3106 922 3142 euim
946 3106 1080 3142 coelum
1098 3135 1106 3149 ‚

387 3233 402 3244 .,

174 3237 180 3251 ¹
203 3231 368 3268 t'l'iui.1v,
391 3245 420 3270 s,
445 3235 472 3261 8.
494 3250 526 3253 -»

550 3237 559 3252 ²
579 3235 602 3263 ll
622 3231 701 3262 Ἰ’ἰιιι.
720 3242 771 3269 ιιι,
794 3235 822 3262 ξι.
845 3251 883 3254 s-
900 3230 912 3253 5
930 3233 1006 3264 Psal.
1027 3244 1091 3267 ιιι,
1114 3235 1161 3263 lu.

1170 2572 1220 2608 bo
1252 2573 1319 2608 Dei
1351 2571 1611 2621 conjungitur,
1647 2584 1783 2619 sponsa
1818 2582 1958 2619 sponso
1989 2570 2166 2614 sociatur,

1173 2631 1330 2667 terrenis
1361 2632 1548 2676 coelestia,
1580 2630 1751 2666 humanis
1781 2629 1907 2665 divina
1942 2629 2126 2664 uniuntur
2159 2645 2165 2664 :

1174 2690 1358 2739 siquidem
1386 2691 1481 2726 sicut
1502 2690 1683 2739 templum
1706 2697 1875 2725 sanctum
1896 2688 1982 2732 Dei,
2004 2689 2054 2723 sic
2076 2689 2168 2724 cella

1171 2759 1226 2787 est
1253 2750 1349 2786 servi
1376 2750 1456 2786 Dei.
1491 2753 1536 2786 Et
1559 2750 1594 2785 in
1622 2749 1764 2797 templo
1786 2749 1909 2791 enim,
1941 2756 1975 2782 et
2005 2749 2040 2783 iu
2074 2749 2169 2784 cella

1174 2810 1301 2846 divina
1320 2817 1529 2845 tractantur
1549 2824 1555 2844 :
1574 2809 1638 2845 scd
1654 2807 1825 2844 crebrius
1844 2807 1879 2842 iu
1896 2807 2000 2843 cella.
2021 2810 2061 2843 Iu
2081 2816 2173 2844 tem-

1174 2870 1239 2918 plo
1255 2867 1455 2904 visibiliter
1472 2876 1508 2903 et
1524 2867 1719 2916 figurative
1735 2865 1939 2915 aliquando
1958 2865 2171 2903 cliristianfe

1172 2929 1322 2978 pictatis
1338 2936 1569 2964 sacramenta
1587 2927 1876 2976 dispensantur:
1895 2926 1930 2961 iu
1949 2926 2050 2961 cellis
2064 2940 2168 2968 reru,

1173 2989 1269 3024 sieut
1298 2987 1334 3023 in
1355 2987 1472 3032 cci-lis,
1504 2987 1583 3036 ipsa
1603 2987 1785 3031 veritate,
1809 2985 1890 3034 ipso
1914 2984 2072 3029 ordine,
2104 2987 2171 3021 etsi

1175 3046 1344 3082 noudum
1363 3047 1440 3095 ipsa
1458 3047 1630 3096 puritatis
1645 3045 1857 3094 majestate,
1882 3044 1937 3079 w}
1956 3044 2172 3079 mtcruitatis

1176 3107 1377 3143 securitate
1395 3135 1404 3151 ‚
1438 3120 1495 3142 res
1527 3108 1605 3156 ipsa
1641 3106 1810 3143 omnium
1850 3111 2170 3139 sacramentumiu

1202 3252 1216 3255 -
1245 3239 1251 3258 ὃ
1273 3231 1367 3263 Exod.
1387 3243 1423 3261 ιιι
1440 3255 1446 3264 ,
1468 3245 1496 3262 .›.
