<?xml version="1.0" encoding="UTF-8"?>
<!DOCTYPE html PUBLIC "-//W3C//DTD XHTML 1.0 Transitional//EN"
    "http://www.w3.org/TR/xhtml1/DTD/xhtml1-transitional.dtd">
<html xmlns="http://www.w3.org/1999/xhtml" xml:lang="en" lang="en">
 <head>
  <title>
</title>
<meta http-equiv="Content-Type" content="text/html;charset=utf-8" />
  <meta name='ocr-system' content='tesseract 3.04.00' />
  <meta name='ocr-capabilities' content='ocr_page ocr_carea ocr_par ocr_line ocrx_word'/>
</head>
<body>
  <div class='ocr_page' id='page_1' title='image "./operaomniapostho05bern/operaomniapostho05bern_0669.png"; bbox 0 0 2418 3949; ppageno 0'>
   <div class='ocr_carea' id='block_1_1' title="bbox 198 247 289 284">
    <p class='ocr_par' dir='ltr' id='par_1_1' title="bbox 198 247 289 284">
     <span class='ocr_line' id='line_1_1' title="bbox 198 247 289 284; baseline 0 0"><span class='ocrx_word' id='word_1_1' title='bbox 198 247 289 284; x_wconf 85' lang='lat'><strong>1321</strong></span> 
     </span>
    </p>
   </div>
   <div class='ocr_carea' id='block_1_2' title="bbox 750 247 1686 295">
    <p class='ocr_par' dir='ltr' id='par_1_2' title="bbox 750 247 1686 295">
     <span class='ocr_line' id='line_1_2' title="bbox 750 247 1686 295; baseline 0 -11"><span class='ocrx_word' id='word_1_2' title='bbox 750 249 809 284; x_wconf 83' lang='lat' dir='ltr'><strong>ET</strong></span> <span class='ocrx_word' id='word_1_3' title='bbox 837 247 1166 285; x_wconf 85' lang='lat' dir='ltr'><strong>SACERDOTUM</strong></span> <span class='ocrx_word' id='word_1_4' title='bbox 1197 249 1482 295; x_wconf 81' lang='lat' dir='ltr'><strong>DIGNITATE,</strong></span> <span class='ocrx_word' id='word_1_5' title='bbox 1513 251 1686 286; x_wconf 88' lang='lat' dir='ltr'><strong>SERMO.</strong></span> 
     </span>
    </p>
   </div>
   <div class='ocr_carea' id='block_1_3' title="bbox 2145 248 2241 284">
    <p class='ocr_par' dir='ltr' id='par_1_3' title="bbox 2145 248 2241 284">
     <span class='ocr_line' id='line_1_3' title="bbox 2145 248 2241 284; baseline 0.01 -1"><span class='ocrx_word' id='word_1_6' title='bbox 2145 248 2241 284; x_wconf 77' lang='lat'><strong>1322</strong></span> 
     </span>
    </p>
   </div>
   <div class='ocr_carea' id='block_1_4' title="bbox 195 322 2242 433">
    <p class='ocr_par' dir='ltr' id='par_1_4' title="bbox 195 322 2242 433">
     <span class='ocr_line' id='line_1_4' title="bbox 195 322 2242 375; baseline 0 -15"><span class='ocrx_word' id='word_1_7' title='bbox 195 327 328 362; x_wconf 89' lang='lat' dir='ltr'><strong>Petrus</strong></span> <span class='ocrx_word' id='word_1_8' title='bbox 343 332 380 361; x_wconf 90' lang='lat' dir='ltr'><strong>et</strong></span> <span class='ocrx_word' id='word_1_9' title='bbox 396 324 511 362; x_wconf 87' lang='lat' dir='ltr'><strong>Judas</strong></span> <span class='ocrx_word' id='word_1_10' title='bbox 527 323 669 372; x_wconf 89' lang='lat' dir='ltr'><strong>accepit</strong></span> <span class='ocrx_word' id='word_1_11' title='bbox 687 337 695 358; x_wconf 74' lang='grc' dir='ltr'>ε</span> <span class='ocrx_word' id='word_1_12' title='bbox 712 322 847 369; x_wconf 86' lang='lat' dir='ltr'><strong>bonus,</strong></span> <span class='ocrx_word' id='word_1_13' title='bbox 861 324 898 359; x_wconf 92' lang='lat' dir='ltr'><strong>in</strong></span> <span class='ocrx_word' id='word_1_14' title='bbox 920 324 1054 369; x_wconf 86' lang='lat' dir='ltr'><strong>vitam;</strong></span> <span class='ocrx_word' id='word_1_15' title='bbox 1072 323 1242 372; x_wconf 69' lang='lat' dir='ltr'><strong>pessi-‘²⁷⁰</strong></span> <span class='ocrx_word' id='word_1_16' title='bbox 1254 325 1432 374; x_wconf 86' lang='lat' dir='ltr'><strong>Alioquin</strong></span> <span class='ocrx_word' id='word_1_17' title='bbox 1453 326 1483 361; x_wconf 87' lang='lat' dir='ltr'><strong>si</strong></span> <span class='ocrx_word' id='word_1_18' title='bbox 1513 338 1589 361; x_wconf 90' lang='lat' dir='ltr'><strong>non</strong></span> <span class='ocrx_word' id='word_1_19' title='bbox 1621 326 1746 370; x_wconf 89' lang='lat' dir='ltr'><strong>doles,</strong></span> <span class='ocrx_word' id='word_1_20' title='bbox 1773 325 1803 362; x_wconf 91' lang='lat' dir='ltr'><strong>si</strong></span> <span class='ocrx_word' id='word_1_21' title='bbox 1822 337 1898 361; x_wconf 90' lang='lat' dir='ltr'><strong>non</strong></span> <span class='ocrx_word' id='word_1_22' title='bbox 1923 325 2086 375; x_wconf 81' lang='lat' dir='ltr'><strong>plangis,</strong></span> <span class='ocrx_word' id='word_1_23' title='bbox 2107 325 2137 361; x_wconf 85' lang='lat' dir='ltr'><strong>si</strong></span> <span class='ocrx_word' id='word_1_24' title='bbox 2167 338 2242 360; x_wconf 87' lang='lat' dir='ltr'><strong>non</strong></span> 
     </span>
     <span class='ocr_line' id='line_1_5' title="bbox 196 382 2240 433; baseline 0.001 -15"><span class='ocrx_word' id='word_1_25' title='bbox 196 396 300 429; x_wconf 88' lang='lat' dir='ltr'><strong>mus,</strong></span> <span class='ocrx_word' id='word_1_26' title='bbox 319 384 356 419; x_wconf 91' lang='lat' dir='ltr'><strong>in</strong></span> <span class='ocrx_word' id='word_1_27' title='bbox 377 396 528 432; x_wconf 87' lang='lat' dir='ltr'><strong>poenam</strong></span> <span class='ocrx_word' id='word_1_28' title='bbox 550 396 558 417; x_wconf 93' lang='lat'><strong>:</strong></span> <span class='ocrx_word' id='word_1_29' title='bbox 577 382 720 428; x_wconf 83' lang='lat' dir='ltr'><strong>bonuS,</strong></span> <span class='ocrx_word' id='word_1_30' title='bbox 739 383 777 419; x_wconf 90' lang='lat' dir='ltr'><strong>in</strong></span> <span class='ocrx_word' id='word_1_31' title='bbox 795 382 1038 428; x_wconf 82' lang='lat' dir='ltr'><strong>beneficium3</strong></span> <span class='ocrx_word' id='word_1_32' title='bbox 1059 382 1178 432; x_wconf 83' lang='lat' dir='ltr'><strong>pessi·</strong></span> <span class='ocrx_word' id='word_1_33' title='bbox 1199 386 1230 420; x_wconf 91' lang='lat' dir='ltr'><strong>A</strong></span> <span class='ocrx_word' id='word_1_34' title='bbox 1248 384 1494 433; x_wconf 85' lang='lat' dir='ltr'><strong>compateris;</strong></span> <span class='ocrx_word' id='word_1_35' title='bbox 1518 384 1667 429; x_wconf 91' lang='lat' dir='ltr'><strong>deliras,</strong></span> <span class='ocrx_word' id='word_1_36' title='bbox 1692 384 1914 433; x_wconf 80' lang='lat' dir='ltr'>degeneras,</span> <span class='ocrx_word' id='word_1_37' title='bbox 1936 384 2095 420; x_wconf 87' lang='lat' dir='ltr'><strong>belluam</strong></span> <span class='ocrx_word' id='word_1_38' title='bbox 2118 385 2216 433; x_wconf 84' lang='lat' dir='ltr'><strong>sapis</strong></span> <span class='ocrx_word' id='word_1_39' title='bbox 2231 412 2240 427; x_wconf 91' lang='lat'><strong>,</strong></span> 
     </span>
    </p>
   </div>
   <div class='ocr_carea' id='block_1_5' title="bbox 194 441 1190 1084">
    <p class='ocr_par' dir='ltr' id='par_1_5' title="bbox 194 441 1190 1084">
     <span class='ocr_line' id='line_1_6' title="bbox 195 441 1188 491; baseline -0.002 -12"><span class='ocrx_word' id='word_1_40' title='bbox 195 456 292 489; x_wconf 88' lang='lat' dir='ltr'><strong>mus,</strong></span> <span class='ocrx_word' id='word_1_41' title='bbox 310 443 348 480; x_wconf 91' lang='lat' dir='ltr'><strong>in</strong></span> <span class='ocrx_word' id='word_1_42' title='bbox 367 443 621 480; x_wconf 89' lang='lat' dir='ltr'><strong>testimonium</strong></span> <span class='ocrx_word' id='word_1_43' title='bbox 640 457 648 478; x_wconf 78' lang='lat' dir='ltr'><strong><em>z</em></strong></span> <span class='ocrx_word' id='word_1_44' title='bbox 668 441 804 487; x_wconf 87' lang='lat' dir='ltr'><strong>bonus,</strong></span> <span class='ocrx_word' id='word_1_45' title='bbox 819 443 856 478; x_wconf 91' lang='lat' dir='ltr'><strong>in</strong></span> <span class='ocrx_word' id='word_1_46' title='bbox 873 444 1050 488; x_wconf 73' lang='lat' dir='ltr'><strong>salutem,</strong></span> <span class='ocrx_word' id='word_1_47' title='bbox 1068 441 1188 491; x_wconf 84' lang='lat' dir='ltr'><strong>pessi-</strong></span> 
     </span>
     <span class='ocr_line' id='line_1_7' title="bbox 196 500 1186 550; baseline -0.002 -13"><span class='ocrx_word' id='word_1_48' title='bbox 196 514 298 547; x_wconf 91' lang='lat' dir='ltr'><strong>mus,</strong></span> <span class='ocrx_word' id='word_1_49' title='bbox 320 502 358 538; x_wconf 92' lang='lat' dir='ltr'><strong>in</strong></span> <span class='ocrx_word' id='word_1_50' title='bbox 382 510 554 538; x_wconf 89' lang='lat' dir='ltr'><strong>mortem.</strong></span> <span class='ocrx_word' id='word_1_51' title='bbox 583 500 694 549; x_wconf 89' lang='lat' dir='ltr'><strong>Quod</strong></span> <span class='ocrx_word' id='word_1_52' title='bbox 722 509 840 537; x_wconf 91' lang='lat' dir='ltr'><strong>totum</strong></span> <span class='ocrx_word' id='word_1_53' title='bbox 868 514 987 550; x_wconf 88' lang='lat' dir='ltr'><strong>usque</strong></span> <span class='ocrx_word' id='word_1_54' title='bbox 1007 500 1128 536; x_wconf 89' lang='lat' dir='ltr'><strong>adhuc</strong></span> <span class='ocrx_word' id='word_1_55' title='bbox 1148 500 1186 535; x_wconf 90' lang='lat' dir='ltr'><strong>in</strong></span> 
     </span>
     <span class='ocr_line' id='line_1_8' title="bbox 196 558 1186 610; baseline -0.001 -14"><span class='ocrx_word' id='word_1_56' title='bbox 196 560 360 596; x_wconf 83' lang='lat' dir='ltr'>Ecclesia</span> <span class='ocrx_word' id='word_1_57' title='bbox 375 561 587 610; x_wconf 90' lang='lat' dir='ltr'><strong>completur</strong></span> <span class='ocrx_word' id='word_1_58' title='bbox 602 560 638 595; x_wconf 92' lang='lat' dir='ltr'><strong>in</strong></span> <span class='ocrx_word' id='word_1_59' title='bbox 651 562 892 596; x_wconf 87' lang='lat' dir='ltr'><strong>Sacramento</strong></span> <span class='ocrx_word' id='word_1_60' title='bbox 909 560 1034 596; x_wconf 88' lang='lat' dir='ltr'><strong>altaris</strong></span> <span class='ocrx_word' id='word_1_61' title='bbox 1052 574 1059 596; x_wconf 75' lang='grc' dir='ltr'>ε</span> <span class='ocrx_word' id='word_1_62' title='bbox 1079 558 1186 594; x_wconf 86' lang='lat' dir='ltr'><strong>bonis</strong></span> 
     </span>
     <span class='ocr_line' id='line_1_9' title="bbox 195 618 1187 667; baseline -0.002 -12"><span class='ocrx_word' id='word_1_63' title='bbox 195 618 348 667; x_wconf 88' lang='lat' dir='ltr'><strong>quidem</strong></span> <span class='ocrx_word' id='word_1_64' title='bbox 370 620 407 655; x_wconf 92' lang='lat' dir='ltr'><strong>in</strong></span> <span class='ocrx_word' id='word_1_65' title='bbox 428 619 571 656; x_wconf 90' lang='lat' dir='ltr'><strong>bonum</strong></span> <span class='ocrx_word' id='word_1_66' title='bbox 593 619 847 665; x_wconf 76' lang='lat' dir='ltr'>sumentibus,</span> <span class='ocrx_word' id='word_1_67' title='bbox 869 619 1025 656; x_wconf 89' lang='lat' dir='ltr'><strong>canibus</strong></span> <span class='ocrx_word' id='word_1_68' title='bbox 1040 631 1130 655; x_wconf 84' lang='lat' dir='ltr'><strong>vero</strong></span> <span class='ocrx_word' id='word_1_69' title='bbox 1150 626 1187 654; x_wconf 91' lang='lat' dir='ltr'><strong>et</strong></span> 
     </span>
     <span class='ocr_line' id='line_1_10' title="bbox 194 678 1187 728; baseline -0.002 -14"><span class='ocrx_word' id='word_1_70' title='bbox 194 678 398 715; x_wconf 90' lang='lat' dir='ltr'><strong>immundis</strong></span> <span class='ocrx_word' id='word_1_71' title='bbox 422 692 497 715; x_wconf 91' lang='lat' dir='ltr'><strong>non</strong></span> <span class='ocrx_word' id='word_1_72' title='bbox 519 679 582 715; x_wconf 91' lang='lat' dir='ltr'><strong>sic.</strong></span> <span class='ocrx_word' id='word_1_73' title='bbox 604 682 720 716; x_wconf 89' lang='lat' dir='ltr'><strong>Canes</strong></span> <span class='ocrx_word' id='word_1_74' title='bbox 736 688 837 724; x_wconf 88' lang='lat' dir='ltr'><strong>sunt,</strong></span> <span class='ocrx_word' id='word_1_75' title='bbox 856 681 922 728; x_wconf 88' lang='lat' dir='ltr'><strong>qui</strong></span> <span class='ocrx_word' id='word_1_76' title='bbox 937 679 1187 715; x_wconf 78' lang='lat' dir='ltr'><strong>irreverenter</strong></span> 
     </span>
     <span class='ocr_line' id='line_1_11' title="bbox 196 737 1186 787; baseline -0.003 -13"><span class='ocrx_word' id='word_1_77' title='bbox 196 738 397 784; x_wconf 79' lang='lat' dir='ltr'><strong>accedunt3</strong></span> <span class='ocrx_word' id='word_1_78' title='bbox 424 747 462 775; x_wconf 87' lang='lat' dir='ltr'><strong>et</strong></span> <span class='ocrx_word' id='word_1_79' title='bbox 481 738 565 774; x_wconf 91' lang='lat' dir='ltr'><strong>ideo</strong></span> <span class='ocrx_word' id='word_1_80' title='bbox 581 738 740 787; x_wconf 87' lang='lat' dir='ltr'><strong>judicati</strong></span> <span class='ocrx_word' id='word_1_81' title='bbox 756 738 977 775; x_wconf 85' lang='lat' dir='ltr'><strong>abscedunt.</strong></span> <span class='ocrx_word' id='word_1_82' title='bbox 996 738 1068 786; x_wconf 88' lang='lat' dir='ltr'><strong>Qui</strong></span> <span class='ocrx_word' id='word_1_83' title='bbox 1086 737 1186 773; x_wconf 89' lang='lat' dir='ltr'><strong>enim</strong></span> 
     </span>
     <span class='ocr_line' id='line_1_12' title="bbox 195 796 1188 846; baseline -0.003 -13"><span class='ocrx_word' id='word_1_84' title='bbox 195 796 401 834; x_wconf 90' lang='lat' dir='ltr'><strong>secundum</strong></span> <span class='ocrx_word' id='word_1_85' title='bbox 422 810 571 834; x_wconf 88' lang='lat' dir='ltr'><strong>carnem</strong></span> <span class='ocrx_word' id='word_1_86' title='bbox 588 798 745 843; x_wconf 79' lang='lat' dir='ltr'><strong>vivunt,</strong></span> <span class='ocrx_word' id='word_1_87' title='bbox 768 806 805 834; x_wconf 91' lang='lat' dir='ltr'><strong>et</strong></span> <span class='ocrx_word' id='word_1_88' title='bbox 824 805 910 846; x_wconf 89' lang='lat' dir='ltr'><strong>post</strong></span> <span class='ocrx_word' id='word_1_89' title='bbox 925 796 1087 833; x_wconf 89' lang='lat' dir='ltr'><strong>carnalia</strong></span> <span class='ocrx_word' id='word_1_90' title='bbox 1101 807 1188 831; x_wconf 86' lang='lat' dir='ltr'><strong>eva-</strong></span> 
     </span>
     <span class='ocr_line' id='line_1_13' title="bbox 195 853 1190 906; baseline -0.003 -14"><span class='ocrx_word' id='word_1_91' title='bbox 195 864 333 905; x_wconf 85' lang='lat' dir='ltr'><strong>gantur</strong></span> <span class='ocrx_word' id='word_1_92' title='bbox 362 864 494 893; x_wconf 90' lang='lat' dir='ltr'><strong>catena</strong></span> <span class='ocrx_word' id='word_1_93' title='bbox 520 857 697 893; x_wconf 89' lang='lat' dir='ltr'><strong>vitiorum</strong></span> <span class='ocrx_word' id='word_1_94' title='bbox 727 856 952 906; x_wconf 87' lang='lat' dir='ltr'><strong>compediti,</strong></span> <span class='ocrx_word' id='word_1_95' title='bbox 980 868 1065 891; x_wconf 88' lang='lat' dir='ltr'><strong>cum</strong></span> <span class='ocrx_word' id='word_1_96' title='bbox 1092 853 1190 891; x_wconf 82' lang='lat' dir='ltr'><strong>Juda</strong></span> 
     </span>
     <span class='ocr_line' id='line_1_14' title="bbox 195 914 1190 966; baseline -0.003 -15"><span class='ocrx_word' id='word_1_97' title='bbox 195 915 391 964; x_wconf 84' lang='lat' dir='ltr'><strong>proditore</strong></span> <span class='ocrx_word' id='word_1_98' title='bbox 418 929 607 952; x_wconf 88' lang='lat' dir='ltr'><strong>venenum</strong></span> <span class='ocrx_word' id='word_1_99' title='bbox 638 916 850 966; x_wconf 84' lang='lat' dir='ltr'><strong>accipiunt,</strong></span> <span class='ocrx_word' id='word_1_100' title='bbox 884 914 1086 964; x_wconf 86' lang='lat' dir='ltr'><strong>spiritualis</strong></span> <span class='ocrx_word' id='word_1_101' title='bbox 1106 925 1190 949; x_wconf 86' lang='lat' dir='ltr'><strong>sus-</strong></span> 
     </span>
     <span class='ocr_line' id='line_1_15' title="bbox 195 971 1186 1025; baseline -0.004 -15"><span class='ocrx_word' id='word_1_102' title='bbox 195 975 324 1023; x_wconf 90' lang='lat' dir='ltr'><strong>pendii</strong></span> <span class='ocrx_word' id='word_1_103' title='bbox 359 976 534 1025; x_wconf 88' lang='lat' dir='ltr'><strong>laqueum</strong></span> <span class='ocrx_word' id='word_1_104' title='bbox 569 976 788 1021; x_wconf 84' lang='lat' dir='ltr'><strong>incurrunt3</strong></span> <span class='ocrx_word' id='word_1_105' title='bbox 824 973 1039 1024; x_wconf 87' lang='lat' dir='ltr'><strong>gravissime</strong></span> <span class='ocrx_word' id='word_1_106' title='bbox 1078 971 1186 1008; x_wconf 91' lang='lat' dir='ltr'><strong>dam-</strong></span> 
     </span>
     <span class='ocr_line' id='line_1_16' title="bbox 196 1033 1187 1084; baseline -0.003 -15"><span class='ocrx_word' id='word_1_107' title='bbox 196 1033 329 1080; x_wconf 86' lang='lat' dir='ltr'><strong>nandi,</strong></span> <span class='ocrx_word' id='word_1_108' title='bbox 351 1042 429 1071; x_wconf 88' lang='lat' dir='ltr'><strong>tum</strong></span> <span class='ocrx_word' id='word_1_109' title='bbox 459 1048 530 1084; x_wconf 89' lang='lat' dir='ltr'><strong>pro</strong></span> <span class='ocrx_word' id='word_1_110' title='bbox 556 1034 753 1083; x_wconf 83' lang='lat' dir='ltr'>multiplici</span> <span class='ocrx_word' id='word_1_111' title='bbox 777 1041 881 1070; x_wconf 88' lang='lat' dir='ltr'><strong>reatu</strong></span> <span class='ocrx_word' id='word_1_112' title='bbox 896 1060 905 1077; x_wconf 90' lang='lat'>‚</span> <span class='ocrx_word' id='word_1_113' title='bbox 931 1040 1008 1068; x_wconf 92' lang='lat' dir='ltr'><strong>tum</strong></span> <span class='ocrx_word' id='word_1_114' title='bbox 1026 1044 1097 1080; x_wconf 91' lang='lat' dir='ltr'><strong>pro</strong></span> <span class='ocrx_word' id='word_1_115' title='bbox 1117 1033 1187 1068; x_wconf 88' lang='lat' dir='ltr'><strong>Sa-</strong></span> 
     </span>
    </p>
   </div>
   <div class='ocr_carea' id='block_1_6' title="bbox 195 1089 1235 1144">
    <p class='ocr_par' dir='ltr' id='par_1_6' title="bbox 195 1089 1235 1144">
     <span class='ocr_line' id='line_1_17' title="bbox 195 1089 1235 1144; baseline -0.003 -17"><span class='ocrx_word' id='word_1_116' title='bbox 195 1094 375 1130; x_wconf 81' lang='lat' dir='ltr'><strong>cramenti</strong></span> <span class='ocrx_word' id='word_1_117' title='bbox 390 1102 622 1144; x_wconf 88' lang='lat' dir='ltr'><strong>contemptu,</strong></span> <span class='ocrx_word' id='word_1_118' title='bbox 640 1093 741 1142; x_wconf 91' lang='lat' dir='ltr'><strong>quod</strong></span> <span class='ocrx_word' id='word_1_119' title='bbox 757 1105 887 1129; x_wconf 86' lang='lat' dir='ltr'><strong>revera</strong></span> <span class='ocrx_word' id='word_1_120' title='bbox 900 1091 1104 1140; x_wconf 91' lang='lat' dir='ltr'><strong>accipiunt,</strong></span> <span class='ocrx_word' id='word_1_121' title='bbox 1123 1089 1188 1125; x_wconf 86' lang='lat' dir='ltr'><strong>sed</strong></span> <span class='ocrx_word' id='word_1_122' title='bbox 1208 1091 1235 1124; x_wconf 90' lang='lat' dir='ltr'>B</span> 
     </span>
    </p>
   </div>
   <div class='ocr_carea' id='block_1_7' title="bbox 196 1149 1195 1854">
    <p class='ocr_par' dir='ltr' id='par_1_7' title="bbox 196 1149 1195 1854">
     <span class='ocr_line' id='line_1_18' title="bbox 196 1149 1192 1197; baseline -0.004 -9"><span class='ocrx_word' id='word_1_123' title='bbox 196 1153 368 1197; x_wconf 85' lang='lat' dir='ltr'><strong>essentia,</strong></span> <span class='ocrx_word' id='word_1_124' title='bbox 391 1166 466 1190; x_wconf 91' lang='lat' dir='ltr'><strong>non</strong></span> <span class='ocrx_word' id='word_1_125' title='bbox 488 1152 628 1190; x_wconf 85' lang='lat' dir='ltr'><strong>salubri</strong></span> <span class='ocrx_word' id='word_1_126' title='bbox 645 1152 821 1188; x_wconf 80' lang='lat' dir='ltr'><strong>efficacia.</strong></span> <span class='ocrx_word' id='word_1_127' title='bbox 838 1155 895 1187; x_wconf 88' lang='lat' dir='ltr'><strong>An</strong></span> <span class='ocrx_word' id='word_1_128' title='bbox 912 1163 987 1186; x_wconf 89' lang='lat' dir='ltr'><strong>non</strong></span> <span class='ocrx_word' id='word_1_129' title='bbox 1006 1149 1192 1186; x_wconf 83' lang='lat' dir='ltr'><strong>discernet</strong></span> 
     </span>
     <span class='ocr_line' id='line_1_19' title="bbox 196 1210 1190 1262; baseline -0.003 -14"><span class='ocrx_word' id='word_1_130' title='bbox 196 1212 296 1249; x_wconf 90' lang='lat' dir='ltr'><strong>inter</strong></span> <span class='ocrx_word' id='word_1_131' title='bbox 315 1212 455 1262; x_wconf 80' lang='lat' dir='ltr'><strong>glebas,</strong></span> <span class='ocrx_word' id='word_1_132' title='bbox 471 1213 536 1262; x_wconf 88' lang='lat' dir='ltr'><strong>qui</strong></span> <span class='ocrx_word' id='word_1_133' title='bbox 555 1211 736 1248; x_wconf 88' lang='lat' dir='ltr'><strong>discernit</strong></span> <span class='ocrx_word' id='word_1_134' title='bbox 752 1219 788 1246; x_wconf 85' lang='lat' dir='ltr'><strong>et</strong></span> <span class='ocrx_word' id='word_1_135' title='bbox 805 1211 902 1246; x_wconf 90' lang='lat' dir='ltr'><strong>inter</strong></span> <span class='ocrx_word' id='word_1_136' title='bbox 924 1210 1076 1246; x_wconf 78' lang='lat' dir='ltr'><strong>stellas?</strong></span> <span class='ocrx_word' id='word_1_137' title='bbox 1093 1212 1190 1245; x_wconf 84' lang='lat' dir='ltr'><strong>Exa-</strong></span> 
     </span>
     <span class='ocr_line' id='line_1_20' title="bbox 196 1270 1191 1321; baseline -0.003 -14"><span class='ocrx_word' id='word_1_138' title='bbox 196 1271 355 1308; x_wconf 88' lang='lat' dir='ltr'><strong>minabit</strong></span> <span class='ocrx_word' id='word_1_139' title='bbox 389 1281 489 1310; x_wconf 88' lang='lat' dir='ltr'><strong>certe</strong></span> <span class='ocrx_word' id='word_1_140' title='bbox 517 1280 713 1321; x_wconf 83' lang='lat' dir='ltr'><strong>argentum</strong></span> <span class='ocrx_word' id='word_1_141' title='bbox 726 1299 735 1317; x_wconf 88' lang='lat'><strong>,</strong></span> <span class='ocrx_word' id='word_1_142' title='bbox 769 1271 835 1319; x_wconf 91' lang='lat' dir='ltr'><strong>qui</strong></span> <span class='ocrx_word' id='word_1_143' title='bbox 874 1270 996 1320; x_wconf 90' lang='lat' dir='ltr'><strong>ipsum</strong></span> <span class='ocrx_word' id='word_1_144' title='bbox 1038 1282 1191 1319; x_wconf 88' lang='lat' dir='ltr'><strong>quoque</strong></span> 
     </span>
     <span class='ocr_line' id='line_1_21' title="bbox 196 1328 1191 1382; baseline -0.004 -14"><span class='ocrx_word' id='word_1_145' title='bbox 196 1345 328 1368; x_wconf 88' lang='lat' dir='ltr'><strong>aurum</strong></span> <span class='ocrx_word' id='word_1_146' title='bbox 360 1332 538 1382; x_wconf 85' lang='lat' dir='ltr'><strong>probavit,</strong></span> <span class='ocrx_word' id='word_1_147' title='bbox 575 1340 613 1368; x_wconf 89' lang='lat' dir='ltr'><strong>et</strong></span> <span class='ocrx_word' id='word_1_148' title='bbox 647 1330 877 1380; x_wconf 80' lang='lat' dir='ltr'><strong>reprobavit.</strong></span> <span class='ocrx_word' id='word_1_149' title='bbox 913 1333 1008 1367; x_wconf 87' lang='lat' dir='ltr'><strong>Ecce</strong></span> <span class='ocrx_word' id='word_1_150' title='bbox 1035 1328 1191 1366; x_wconf 89' lang='lat' dir='ltr'><strong>audistis</strong></span> 
     </span>
     <span class='ocr_line' id='line_1_22' title="bbox 196 1389 1191 1435; baseline -0.002 -9"><span class='ocrx_word' id='word_1_151' title='bbox 196 1391 357 1428; x_wconf 87' lang='lat' dir='ltr'><strong>fructum</strong></span> <span class='ocrx_word' id='word_1_152' title='bbox 387 1400 424 1428; x_wconf 91' lang='lat' dir='ltr'><strong>et</strong></span> <span class='ocrx_word' id='word_1_153' title='bbox 449 1392 647 1428; x_wconf 82' lang='lat' dir='ltr'><strong>utilitatem</strong></span> <span class='ocrx_word' id='word_1_154' title='bbox 667 1390 856 1426; x_wconf 89' lang='lat' dir='ltr'><strong>bonorum</strong></span> <span class='ocrx_word' id='word_1_155' title='bbox 870 1418 879 1435; x_wconf 91' lang='lat'><strong>,</strong></span> <span class='ocrx_word' id='word_1_156' title='bbox 903 1389 1060 1426; x_wconf 89' lang='lat' dir='ltr'><strong>audistis</strong></span> <span class='ocrx_word' id='word_1_157' title='bbox 1079 1389 1191 1424; x_wconf 87' lang='lat' dir='ltr'><strong>etiam</strong></span> 
     </span>
     <span class='ocr_line' id='line_1_23' title="bbox 196 1448 1195 1500; baseline -0.003 -14"><span class='ocrx_word' id='word_1_158' title='bbox 196 1458 234 1486; x_wconf 92' lang='lat' dir='ltr'><strong>et</strong></span> <span class='ocrx_word' id='word_1_159' title='bbox 255 1451 459 1500; x_wconf 84' lang='lat' dir='ltr'><strong>expavistis</strong></span> <span class='ocrx_word' id='word_1_160' title='bbox 476 1479 485 1496; x_wconf 91' lang='lat'>‚</span> <span class='ocrx_word' id='word_1_161' title='bbox 513 1459 555 1487; x_wconf 89' lang='lat' dir='ltr'><strong>ut</strong></span> <span class='ocrx_word' id='word_1_162' title='bbox 574 1450 708 1496; x_wconf 87' lang='lat' dir='ltr'><strong>eredo,</strong></span> <span class='ocrx_word' id='word_1_163' title='bbox 734 1449 780 1486; x_wconf 88' lang='lat' dir='ltr'><strong>ad</strong></span> <span class='ocrx_word' id='word_1_164' title='bbox 801 1449 1054 1499; x_wconf 88' lang='lat' dir='ltr'><strong>perditionem</strong></span> <span class='ocrx_word' id='word_1_165' title='bbox 1073 1448 1195 1484; x_wconf 89' lang='lat' dir='ltr'><strong>malo-</strong></span> 
     </span>
     <span class='ocr_line' id='line_1_24' title="bbox 197 1507 1193 1558; baseline -0.003 -12"><span class='ocrx_word' id='word_1_166' title='bbox 197 1523 281 1546; x_wconf 90' lang='lat' dir='ltr'><strong>rum</strong></span> <span class='ocrx_word' id='word_1_167' title='bbox 304 1524 312 1546; x_wconf 77' lang='grc' dir='ltr'><strong><em>ε</em></strong></span> <span class='ocrx_word' id='word_1_168' title='bbox 333 1510 460 1547; x_wconf 85' lang='lat' dir='ltr'><strong>audite</strong></span> <span class='ocrx_word' id='word_1_169' title='bbox 481 1510 616 1556; x_wconf 90' lang='lat' dir='ltr'><strong>modo,</strong></span> <span class='ocrx_word' id='word_1_170' title='bbox 637 1517 674 1546; x_wconf 90' lang='lat' dir='ltr'><strong>et</strong></span> <span class='ocrx_word' id='word_1_171' title='bbox 693 1508 1005 1558; x_wconf 85' lang='lat' dir='ltr'><strong>obstupescentes</strong></span> <span class='ocrx_word' id='word_1_172' title='bbox 1028 1507 1193 1544; x_wconf 91' lang='lat' dir='ltr'><strong>admira-</strong></span> 
     </span>
     <span class='ocr_line' id='line_1_25' title="bbox 197 1566 1193 1618; baseline -0.003 -13"><span class='ocrx_word' id='word_1_173' title='bbox 197 1569 289 1606; x_wconf 86' lang='lat' dir='ltr'><strong>mini</strong></span> <span class='ocrx_word' id='word_1_174' title='bbox 301 1597 311 1616; x_wconf 87' lang='lat'><strong>,</strong></span> <span class='ocrx_word' id='word_1_175' title='bbox 337 1570 429 1607; x_wconf 89' lang='lat' dir='ltr'><strong>nulli</strong></span> <span class='ocrx_word' id='word_1_176' title='bbox 444 1570 675 1618; x_wconf 76' lang='lat' dir='ltr'><strong>Angelorum</strong></span> <span class='ocrx_word' id='word_1_177' title='bbox 687 1597 696 1613; x_wconf 91' lang='lat'><strong>,</strong></span> <span class='ocrx_word' id='word_1_178' title='bbox 716 1568 828 1604; x_wconf 89' lang='lat' dir='ltr'><strong>nullis</strong></span> <span class='ocrx_word' id='word_1_179' title='bbox 845 1566 1041 1617; x_wconf 83' lang='lat' dir='ltr'><strong>spiritibus</strong></span> <span class='ocrx_word' id='word_1_180' title='bbox 1058 1579 1193 1615; x_wconf 76' lang='lat' dir='ltr'><strong>super-</strong></span> 
     </span>
     <span class='ocr_line' id='line_1_26' title="bbox 196 1625 1192 1674; baseline -0.004 -9"><span class='ocrx_word' id='word_1_181' title='bbox 196 1628 272 1674; x_wconf 91' lang='lat' dir='ltr'><strong>nis,</strong></span> <span class='ocrx_word' id='word_1_182' title='bbox 295 1628 361 1665; x_wconf 88' lang='lat' dir='ltr'><strong>sed</strong></span> <span class='ocrx_word' id='word_1_183' title='bbox 386 1628 621 1674; x_wconf 88' lang='lat' dir='ltr'><strong>hominibus,</strong></span> <span class='ocrx_word' id='word_1_184' title='bbox 651 1641 719 1664; x_wconf 89' lang='lat' dir='ltr'><strong>nec</strong></span> <span class='ocrx_word' id='word_1_185' title='bbox 749 1636 874 1664; x_wconf 89' lang='lat' dir='ltr'><strong>tamen</strong></span> <span class='ocrx_word' id='word_1_186' title='bbox 905 1625 1100 1671; x_wconf 88' lang='lat' dir='ltr'><strong>omnibus,</strong></span> <span class='ocrx_word' id='word_1_187' title='bbox 1127 1625 1192 1662; x_wconf 89' lang='lat' dir='ltr'><strong>sed</strong></span> 
     </span>
     <span class='ocr_line' id='line_1_27' title="bbox 197 1685 1193 1726; baseline -0.005 -1"><span class='ocrx_word' id='word_1_188' title='bbox 197 1687 330 1726; x_wconf 91' lang='lat' dir='ltr'><strong>Ordini</strong></span> <span class='ocrx_word' id='word_1_189' title='bbox 350 1696 477 1725; x_wconf 86' lang='lat' dir='ltr'><strong>vestro</strong></span> <span class='ocrx_word' id='word_1_190' title='bbox 505 1696 650 1724; x_wconf 89' lang='lat' dir='ltr'><strong>tantum</strong></span> <span class='ocrx_word' id='word_1_191' title='bbox 677 1687 892 1723; x_wconf 88' lang='lat' dir='ltr'><strong>mandatam</strong></span> <span class='ocrx_word' id='word_1_192' title='bbox 917 1699 997 1722; x_wconf 89' lang='lat' dir='ltr'><strong>esse</strong></span> <span class='ocrx_word' id='word_1_193' title='bbox 1016 1685 1106 1721; x_wconf 88' lang='lat' dir='ltr'><strong>tanti</strong></span> <span class='ocrx_word' id='word_1_194' title='bbox 1125 1688 1193 1722; x_wconf 90' lang='lat' dir='ltr'><strong>Sa—</strong></span> 
     </span>
     <span class='ocr_line' id='line_1_28' title="bbox 197 1743 1192 1793; baseline -0.005 -9"><span class='ocrx_word' id='word_1_195' title='bbox 197 1748 379 1784; x_wconf 87' lang='lat' dir='ltr'><strong>cramenti</strong></span> <span class='ocrx_word' id='word_1_196' title='bbox 401 1745 692 1783; x_wconf 83' lang='lat' dir='ltr'><strong>celebrationem</strong></span> <span class='ocrx_word' id='word_1_197' title='bbox 710 1746 748 1782; x_wconf 92' lang='lat' dir='ltr'><strong>in</strong></span> <span class='ocrx_word' id='word_1_198' title='bbox 765 1745 892 1790; x_wconf 88' lang='lat' dir='ltr'><strong>altari,</strong></span> <span class='ocrx_word' id='word_1_199' title='bbox 904 1744 1006 1793; x_wconf 89' lang='lat' dir='ltr'><strong>quod</strong></span> <span class='ocrx_word' id='word_1_200' title='bbox 1024 1743 1192 1781; x_wconf 87' lang='lat' dir='ltr'><strong>Christus</strong></span> 
     </span>
     <span class='ocr_line' id='line_1_29' title="bbox 197 1804 953 1854; baseline -0.004 -11"><span class='ocrx_word' id='word_1_201' title='bbox 197 1807 283 1845; x_wconf 90' lang='lat' dir='ltr'><strong>fecit</strong></span> <span class='ocrx_word' id='word_1_202' title='bbox 303 1806 477 1845; x_wconf 90' lang='lat' dir='ltr'><strong>manibus</strong></span> <span class='ocrx_word' id='word_1_203' title='bbox 493 1807 568 1844; x_wconf 89' lang='lat' dir='ltr'><strong>suis</strong></span> <span class='ocrx_word' id='word_1_204' title='bbox 591 1807 629 1842; x_wconf 88' lang='lat' dir='ltr'><strong>in</strong></span> <span class='ocrx_word' id='word_1_205' title='bbox 649 1818 757 1842; x_wconf 84' lang='lat' dir='ltr'><strong>coena</strong></span> <span class='ocrx_word' id='word_1_206' title='bbox 776 1804 953 1854; x_wconf 87' lang='lat' dir='ltr'><strong>paschali.</strong></span> 
     </span>
    </p>
   </div>
   <div class='ocr_carea' id='block_1_8' title="bbox 1247 443 2254 1856">
    <p class='ocr_par' dir='ltr' id='par_1_8' title="bbox 1247 443 2250 1309">
     <span class='ocr_line' id='line_1_30' title="bbox 1253 443 2241 492; baseline 0 -14"><span class='ocrx_word' id='word_1_207' title='bbox 1253 443 1469 492; x_wconf 87' lang='lat' dir='ltr'><strong>lethargiam</strong></span> <span class='ocrx_word' id='word_1_208' title='bbox 1485 444 1635 492; x_wconf 88' lang='lat' dir='ltr'><strong>pateris,</strong></span> <span class='ocrx_word' id='word_1_209' title='bbox 1648 444 1837 479; x_wconf 89' lang='lat' dir='ltr'><strong>hominem</strong></span> <span class='ocrx_word' id='word_1_210' title='bbox 1852 443 2033 479; x_wconf 84' lang='lat' dir='ltr'><strong>diffiteris.</strong></span> <span class='ocrx_word' id='word_1_211' title='bbox 2044 445 2241 488; x_wconf 81' lang='lat' dir='ltr'><strong>Caeterum‚</strong></span> 
     </span>
     <span class='ocr_line' id='line_1_31' title="bbox 1252 502 2242 550; baseline 0 -13"><span class='ocrx_word' id='word_1_212' title='bbox 1252 510 1293 538; x_wconf 90' lang='lat' dir='ltr'><strong>ut</strong></span> <span class='ocrx_word' id='word_1_213' title='bbox 1309 502 1470 550; x_wconf 89' lang='lat' dir='ltr'><strong>amplius</strong></span> <span class='ocrx_word' id='word_1_214' title='bbox 1493 503 1698 548; x_wconf 79' lang='lat' dir='ltr'><strong>movearis,</strong></span> <span class='ocrx_word' id='word_1_215' title='bbox 1722 503 1799 538; x_wconf 91' lang='lat' dir='ltr'><strong>imo</strong></span> <span class='ocrx_word' id='word_1_216' title='bbox 1814 531 1823 549; x_wconf 92' lang='lat'><strong>,</strong></span> <span class='ocrx_word' id='word_1_217' title='bbox 1843 511 1884 538; x_wconf 91' lang='lat' dir='ltr'><strong>ut</strong></span> <span class='ocrx_word' id='word_1_218' title='bbox 1901 503 2016 550; x_wconf 79' lang='lat' dir='ltr'><strong>magis</strong></span> <span class='ocrx_word' id='word_1_219' title='bbox 2041 503 2242 538; x_wconf 71' lang='lat' dir='ltr'><strong>incalescas</strong></span> 
     </span>
     <span class='ocr_line' id='line_1_32' title="bbox 1251 560 2245 610; baseline -0.001 -14"><span class='ocrx_word' id='word_1_220' title='bbox 1251 561 1289 597; x_wconf 91' lang='lat' dir='ltr'><strong>in</strong></span> <span class='ocrx_word' id='word_1_221' title='bbox 1315 573 1480 596; x_wconf 88' lang='lat' dir='ltr'><strong>amorem</strong></span> <span class='ocrx_word' id='word_1_222' title='bbox 1500 561 1553 596; x_wconf 91' lang='lat' dir='ltr'><strong>tui</strong></span> <span class='ocrx_word' id='word_1_223' title='bbox 1577 560 1861 610; x_wconf 87' lang='lat' dir='ltr'><strong>Redemptoris,</strong></span> <span class='ocrx_word' id='word_1_224' title='bbox 1885 562 2004 597; x_wconf 86' lang='lat' dir='ltr'><strong>voluit</strong></span> <span class='ocrx_word' id='word_1_225' title='bbox 2019 561 2186 597; x_wconf 80' lang='lat' dir='ltr'><strong>Christus</strong></span> <span class='ocrx_word' id='word_1_226' title='bbox 2203 570 2245 596; x_wconf 91' lang='lat' dir='ltr'><strong>ut</strong></span> 
     </span>
     <span class='ocr_line' id='line_1_33' title="bbox 1247 619 2243 669; baseline -0.003 -14"><span class='ocrx_word' id='word_1_227' title='bbox 1247 619 1388 668; x_wconf 78' lang='lat' dir='ltr'><strong>jugiter</strong></span> <span class='ocrx_word' id='word_1_228' title='bbox 1416 620 1604 655; x_wconf 82' lang='lat' dir='ltr'><strong>coleretur</strong></span> <span class='ocrx_word' id='word_1_229' title='bbox 1630 632 1699 668; x_wconf 87' lang='lat' dir='ltr'><strong>per</strong></span> <span class='ocrx_word' id='word_1_230' title='bbox 1729 620 1972 668; x_wconf 73' lang='lat' dir='ltr'><strong>mysterium,</strong></span> <span class='ocrx_word' id='word_1_231' title='bbox 2006 620 2110 669; x_wconf 88' lang='lat' dir='ltr'><strong>quod</strong></span> <span class='ocrx_word' id='word_1_232' title='bbox 2130 621 2243 656; x_wconf 84' lang='lat' dir='ltr'><strong>semel</strong></span> 
     </span>
     <span class='ocr_line' id='line_1_34' title="bbox 1252 678 2246 729; baseline -0.002 -13"><span class='ocrx_word' id='word_1_233' title='bbox 1252 678 1481 716; x_wconf 83' lang='lat' dir='ltr'><strong>offerebatur</strong></span> <span class='ocrx_word' id='word_1_234' title='bbox 1497 679 1534 715; x_wconf 91' lang='lat' dir='ltr'><strong>in</strong></span> <span class='ocrx_word' id='word_1_235' title='bbox 1552 680 1714 728; x_wconf 89' lang='lat' dir='ltr'><strong>pretium</strong></span> <span class='ocrx_word' id='word_1_236' title='bbox 1732 695 1741 725; x_wconf 91' lang='lat'>;</span> <span class='ocrx_word' id='word_1_237' title='bbox 1767 688 1803 716; x_wconf 92' lang='lat' dir='ltr'><strong>et</strong></span> <span class='ocrx_word' id='word_1_238' title='bbox 1820 680 1881 716; x_wconf 87' lang='lat' dir='ltr'><strong>illa</strong></span> <span class='ocrx_word' id='word_1_239' title='bbox 1904 680 2081 729; x_wconf 87' lang='lat' dir='ltr'><strong>perennis</strong></span> <span class='ocrx_word' id='word_1_240' title='bbox 2097 681 2246 716; x_wconf 77' lang='lat' dir='ltr'><strong>victima</strong></span> 
     </span>
     <span class='ocr_line' id='line_1_35' title="bbox 1253 738 2242 787; baseline 0 -13"><span class='ocrx_word' id='word_1_241' title='bbox 1253 738 1445 775; x_wconf 87' lang='lat' dir='ltr'><strong>viveretin</strong></span> <span class='ocrx_word' id='word_1_242' title='bbox 1466 739 1669 783; x_wconf 86' lang='lat' dir='ltr'><strong>memoria,</strong></span> <span class='ocrx_word' id='word_1_243' title='bbox 1688 746 1724 774; x_wconf 90' lang='lat' dir='ltr'><strong>et</strong></span> <span class='ocrx_word' id='word_1_244' title='bbox 1740 751 1905 787; x_wconf 78' lang='lat' dir='ltr'><strong>praesens</strong></span> <span class='ocrx_word' id='word_1_245' title='bbox 1927 747 2022 774; x_wconf 89' lang='lat' dir='ltr'><strong>esset</strong></span> <span class='ocrx_word' id='word_1_246' title='bbox 2039 752 2188 787; x_wconf 84' lang='lat' dir='ltr'><strong>semper</strong></span> <span class='ocrx_word' id='word_1_247' title='bbox 2206 739 2242 774; x_wconf 91' lang='lat' dir='ltr'><strong>in</strong></span> 
     </span>
     <span class='ocr_line' id='line_1_36' title="bbox 1254 797 2245 847; baseline -0.001 -13"><span class='ocrx_word' id='word_1_248' title='bbox 1254 798 1381 847; x_wconf 83' lang='lat' dir='ltr'><strong>gratia.</strong></span> <span class='ocrx_word' id='word_1_249' title='bbox 1403 797 1514 845; x_wconf 86' lang='lat' dir='ltr'><strong>Quod</strong></span> <span class='ocrx_word' id='word_1_250' title='bbox 1539 806 1576 833; x_wconf 93' lang='lat' dir='ltr'><strong>et</strong></span> <span class='ocrx_word' id='word_1_251' title='bbox 1600 798 1651 833; x_wconf 91' lang='lat' dir='ltr'><strong>ita</strong></span> <span class='ocrx_word' id='word_1_252' title='bbox 1670 806 1735 834; x_wconf 89' lang='lat' dir='ltr'><strong>est.</strong></span> <span class='ocrx_word' id='word_1_253' title='bbox 1756 798 1860 834; x_wconf 85' lang='lat' dir='ltr'><strong>Licet</strong></span> <span class='ocrx_word' id='word_1_254' title='bbox 1880 799 1980 834; x_wconf 88' lang='lat' dir='ltr'><strong>enim</strong></span> <span class='ocrx_word' id='word_1_255' title='bbox 2007 811 2038 833; x_wconf 76' lang='lat' dir='ltr'><strong>r(</strong></span> <span class='ocrx_word' id='word_1_256' title='bbox 2050 798 2245 834; x_wconf 88' lang='lat' dir='ltr'><strong>crudescat</strong></span> 
     </span>
     <span class='ocr_line' id='line_1_37' title="bbox 1255 857 2245 907; baseline 0.001 -14"><span class='ocrx_word' id='word_1_257' title='bbox 1255 865 1449 907; x_wconf 89' lang='lat' dir='ltr'><strong>peccatum</strong></span> <span class='ocrx_word' id='word_1_258' title='bbox 1462 857 1500 893; x_wconf 91' lang='lat' dir='ltr'><strong>in</strong></span> <span class='ocrx_word' id='word_1_259' title='bbox 1516 857 1655 902; x_wconf 73' lang='lat' dir='ltr'><strong>multis,</strong></span> <span class='ocrx_word' id='word_1_260' title='bbox 1675 858 1897 907; x_wconf 83' lang='lat' dir='ltr'><strong>generalitas</strong></span> <span class='ocrx_word' id='word_1_261' title='bbox 1916 866 2037 894; x_wconf 91' lang='lat' dir='ltr'><strong>tamen</strong></span> <span class='ocrx_word' id='word_1_262' title='bbox 2054 858 2245 907; x_wconf 76' lang='lat' dir='ltr'><strong>originalis</strong></span> 
     </span>
     <span class='ocr_line' id='line_1_38' title="bbox 1256 915 2247 965; baseline 0 -13"><span class='ocrx_word' id='word_1_263' title='bbox 1256 917 1376 965; x_wconf 86' lang='lat' dir='ltr'><strong>culpae</strong></span> <span class='ocrx_word' id='word_1_264' title='bbox 1401 916 1451 952; x_wconf 88' lang='lat' dir='ltr'><strong>ita</strong></span> <span class='ocrx_word' id='word_1_265' title='bbox 1471 928 1627 965; x_wconf 84' lang='lat' dir='ltr'><strong>prorsus</strong></span> <span class='ocrx_word' id='word_1_266' title='bbox 1643 915 1764 951; x_wconf 89' lang='lat' dir='ltr'><strong>ablata</strong></span> <span class='ocrx_word' id='word_1_267' title='bbox 1792 924 1869 960; x_wconf 90' lang='lat' dir='ltr'><strong>est,</strong></span> <span class='ocrx_word' id='word_1_268' title='bbox 1891 917 2096 952; x_wconf 86' lang='lat' dir='ltr'><strong>Leviathan</strong></span> <span class='ocrx_word' id='word_1_269' title='bbox 2119 930 2247 952; x_wconf 83' lang='lat' dir='ltr'><strong>verme</strong></span> 
     </span>
     <span class='ocr_line' id='line_1_39' title="bbox 1253 975 2247 1024; baseline -0.002 -11"><span class='ocrx_word' id='word_1_270' title='bbox 1253 984 1440 1013; x_wconf 89' lang='lat' dir='ltr'><strong>venenato</strong></span> <span class='ocrx_word' id='word_1_271' title='bbox 1453 975 1491 1011; x_wconf 94' lang='lat' dir='ltr'><strong>in</strong></span> <span class='ocrx_word' id='word_1_272' title='bbox 1505 976 1642 1011; x_wconf 89' lang='lat' dir='ltr'><strong>virtute</strong></span> <span class='ocrx_word' id='word_1_273' title='bbox 1657 975 1880 1024; x_wconf 83' lang='lat' dir='ltr'><strong>fulgurantis</strong></span> <span class='ocrx_word' id='word_1_274' title='bbox 1890 975 2002 1011; x_wconf 83' lang='lat' dir='ltr'><strong>liastae</strong></span> <span class='ocrx_word' id='word_1_275' title='bbox 2018 976 2149 1012; x_wconf 88' lang='lat' dir='ltr'><strong>mortis</strong></span> <span class='ocrx_word' id='word_1_276' title='bbox 2160 980 2247 1012; x_wconf 88' lang='lat' dir='ltr'><strong>Jesu</strong></span> 
     </span>
     <span class='ocr_line' id='line_1_40' title="bbox 1253 1032 2248 1083; baseline -0.002 -11"><span class='ocrx_word' id='word_1_277' title='bbox 1253 1035 1386 1073; x_wconf 82' lang='lat' dir='ltr'><strong>Christi</strong></span> <span class='ocrx_word' id='word_1_278' title='bbox 1402 1035 1581 1071; x_wconf 82' lang='lat' dir='ltr'><strong>transfixo</strong></span> <span class='ocrx_word' id='word_1_279' title='bbox 1592 1032 1670 1080; x_wconf 79' lang='lat' dir='ltr'><strong>3,ut</strong></span> <span class='ocrx_word' id='word_1_280' title='bbox 1683 1034 1729 1070; x_wconf 89' lang='lat' dir='ltr'><strong>ad</strong></span> <span class='ocrx_word' id='word_1_281' title='bbox 1742 1034 1993 1082; x_wconf 77' lang='lat' dir='ltr'><strong>expiationem</strong></span> <span class='ocrx_word' id='word_1_282' title='bbox 2015 1047 2146 1070; x_wconf 88' lang='lat' dir='ltr'><strong>eorum</strong></span> <span class='ocrx_word' id='word_1_283' title='bbox 2164 1048 2248 1083; x_wconf 79' lang='lat' dir='ltr'><strong>quae</strong></span> 
     </span>
     <span class='ocr_line' id='line_1_41' title="bbox 1257 1092 2247 1143; baseline -0.001 -13"><span class='ocrx_word' id='word_1_284' title='bbox 1257 1093 1426 1143; x_wconf 85' lang='lat' dir='ltr'><strong>quotidie</strong></span> <span class='ocrx_word' id='word_1_285' title='bbox 1469 1092 1741 1137; x_wconf 87' lang='lat' dir='ltr'><strong>admittuntur,</strong></span> <span class='ocrx_word' id='word_1_286' title='bbox 1778 1092 1967 1129; x_wconf 84' lang='lat' dir='ltr'><strong>Christum</strong></span> <span class='ocrx_word' id='word_1_287' title='bbox 2001 1093 2127 1128; x_wconf 82' lang='lat' dir='ltr'><strong>denuo</strong></span> <span class='ocrx_word' id='word_1_288' title='bbox 2171 1107 2247 1130; x_wconf 88' lang='lat' dir='ltr'><strong>non</strong></span> 
     </span>
     <span class='ocr_line' id='line_1_42' title="bbox 1258 1151 2249 1204; baseline -0.002 -14"><span class='ocrx_word' id='word_1_289' title='bbox 1258 1160 1432 1204; x_wconf 85' lang='lat' dir='ltr'><strong>oporteat</strong></span> <span class='ocrx_word' id='word_1_290' title='bbox 1458 1151 1651 1199; x_wconf 82' lang='lat' dir='ltr'><strong>crucifigi3</strong></span> <span class='ocrx_word' id='word_1_291' title='bbox 1676 1151 1753 1186; x_wconf 91' lang='lat' dir='ltr'><strong>imo</strong></span> <span class='ocrx_word' id='word_1_292' title='bbox 1781 1151 1827 1186; x_wconf 90' lang='lat' dir='ltr'><strong>sit</strong></span> <span class='ocrx_word' id='word_1_293' title='bbox 1858 1152 2028 1187; x_wconf 88' lang='lat' dir='ltr'><strong>omnium</strong></span> <span class='ocrx_word' id='word_1_294' title='bbox 2059 1152 2249 1188; x_wconf 82' lang='lat' dir='ltr'><strong>sufficiens</strong></span> 
     </span>
     <span class='ocr_line' id='line_1_43' title="bbox 1258 1209 2250 1259; baseline -0.002 -10"><span class='ocrx_word' id='word_1_295' title='bbox 1258 1211 1466 1256; x_wconf 88' lang='lat' dir='ltr'><strong>medicina,</strong></span> <span class='ocrx_word' id='word_1_296' title='bbox 1487 1210 1515 1246; x_wconf 94' lang='lat' dir='ltr'><strong>si</strong></span> <span class='ocrx_word' id='word_1_297' title='bbox 1547 1222 1615 1259; x_wconf 90' lang='lat' dir='ltr'><strong>per</strong></span> <span class='ocrx_word' id='word_1_298' title='bbox 1644 1209 1755 1245; x_wconf 82' lang='lat' dir='ltr'><strong>fidem</strong></span> <span class='ocrx_word' id='word_1_299' title='bbox 1780 1217 1817 1245; x_wconf 90' lang='lat' dir='ltr'><strong>et</strong></span> <span class='ocrx_word' id='word_1_300' title='bbox 1844 1209 2091 1246; x_wconf 86' lang='lat' dir='ltr'><strong>imitationem</strong></span> <span class='ocrx_word' id='word_1_301' title='bbox 2114 1219 2250 1259; x_wconf 59' lang='lat' dir='ltr'><strong>praete-</strong></span> 
     </span>
     <span class='ocr_line' id='line_1_44' title="bbox 1260 1268 1947 1309; baseline -0.007 0"><span class='ocrx_word' id='word_1_302' title='bbox 1260 1273 1340 1309; x_wconf 84' lang='lat' dir='ltr'><strong>ritae</strong></span> <span class='ocrx_word' id='word_1_303' title='bbox 1374 1271 1505 1307; x_wconf 89' lang='lat' dir='ltr'><strong>mortis</strong></span> <span class='ocrx_word' id='word_1_304' title='bbox 1534 1268 1719 1306; x_wconf 89' lang='lat' dir='ltr'><strong>habeatur</strong></span> <span class='ocrx_word' id='word_1_305' title='bbox 1751 1269 1947 1305; x_wconf 88' lang='lat' dir='ltr'><strong>memoria.</strong></span> 
     </span>
    </p>

    <p class='ocr_par' dir='ltr' id='par_1_9' title="bbox 1258 1329 2254 1856">
     <span class='ocr_line' id='line_1_45' title="bbox 1313 1329 2253 1378; baseline -0.004 -9"><span class='ocrx_word' id='word_1_306' title='bbox 1313 1332 1347 1369; x_wconf 86' lang='lat'><strong>7.</strong></span> <span class='ocrx_word' id='word_1_307' title='bbox 1360 1330 1505 1368; x_wconf 87' lang='lat' dir='ltr'><strong>Christe</strong></span> <span class='ocrx_word' id='word_1_308' title='bbox 1521 1333 1624 1373; x_wconf 89' lang='lat' dir='ltr'><strong>Jesu,</strong></span> <span class='ocrx_word' id='word_1_309' title='bbox 1645 1329 1777 1365; x_wconf 89' lang='lat' dir='ltr'><strong>mortis</strong></span> <span class='ocrx_word' id='word_1_310' title='bbox 1789 1336 1861 1364; x_wconf 85' lang='lat' dir='ltr'><strong>tuae</strong></span> <span class='ocrx_word' id='word_1_311' title='bbox 1879 1329 2059 1366; x_wconf 87' lang='lat' dir='ltr'><strong>memoria</strong></span> <span class='ocrx_word' id='word_1_312' title='bbox 2076 1338 2253 1378; x_wconf 85' lang='lat' dir='ltr'><strong>tanquam</strong></span> 
     </span>
     <span class='ocr_line' id='line_1_46' title="bbox 1259 1388 2254 1442; baseline -0.003 -14"><span class='ocrx_word' id='word_1_313' title='bbox 1259 1404 1356 1442; x_wconf 89' lang='lat' dir='ltr'><strong>opus</strong></span> <span class='ocrx_word' id='word_1_314' title='bbox 1374 1389 1633 1440; x_wconf 78' lang='lat' dir='ltr'><strong>pigmentarii,</strong></span> <span class='ocrx_word' id='word_1_315' title='bbox 1653 1388 1759 1437; x_wconf 90' lang='lat' dir='ltr'><strong>quasi</strong></span> <span class='ocrx_word' id='word_1_316' title='bbox 1781 1388 1865 1425; x_wconf 84' lang='lat' dir='ltr'><strong>tlius</strong></span> <span class='ocrx_word' id='word_1_317' title='bbox 1880 1389 2053 1425; x_wconf 85' lang='lat' dir='ltr'><strong>redolens</strong></span> <span class='ocrx_word' id='word_1_318' title='bbox 2069 1390 2105 1425; x_wconf 88' lang='lat' dir='ltr'><strong>in</strong></span> <span class='ocrx_word' id='word_1_319' title='bbox 2122 1389 2254 1425; x_wconf 80' lang='lat' dir='ltr'><strong>diebus</strong></span> 
     </span>
     <span class='ocr_line' id='line_1_47' title="bbox 1259 1448 2252 1499; baseline -0.004 -10"><span class='ocrx_word' id='word_1_320' title='bbox 1259 1451 1394 1489; x_wconf 90' lang='lat' dir='ltr'><strong>aestatis</strong></span> <span class='ocrx_word' id='word_1_321' title='bbox 1409 1479 1418 1496; x_wconf 88' lang='lat'>‚</span> <span class='ocrx_word' id='word_1_322' title='bbox 1452 1449 1557 1499; x_wconf 90' lang='lat' dir='ltr'><strong>quasi</strong></span> <span class='ocrx_word' id='word_1_323' title='bbox 1590 1448 1692 1497; x_wconf 82' lang='lat' dir='ltr'><strong>regio</strong></span> <span class='ocrx_word' id='word_1_324' title='bbox 1720 1456 1932 1484; x_wconf 88' lang='lat' dir='ltr'><strong>aromatum</strong></span> <span class='ocrx_word' id='word_1_325' title='bbox 1969 1462 2081 1497; x_wconf 87' lang='lat' dir='ltr'><strong>quam</strong></span> <span class='ocrx_word' id='word_1_326' title='bbox 2116 1459 2252 1498; x_wconf 76' lang='lat' dir='ltr'><strong>purgat</strong></span> 
     </span>
     <span class='ocr_line' id='line_1_48' title="bbox 1260 1507 2252 1557; baseline -0.004 -9"><span class='ocrx_word' id='word_1_327' title='bbox 1260 1520 1371 1548; x_wconf 85' lang='lat' dir='ltr'><strong>aestus</strong></span> <span class='ocrx_word' id='word_1_328' title='bbox 1393 1509 1494 1554; x_wconf 87' lang='lat' dir='ltr'><strong>solis,</strong></span> <span class='ocrx_word' id='word_1_329' title='bbox 1512 1507 1618 1557; x_wconf 88' lang='lat' dir='ltr'><strong>quasi</strong></span> <span class='ocrx_word' id='word_1_330' title='bbox 1634 1507 1745 1543; x_wconf 83' lang='lat' dir='ltr'><strong>flores</strong></span> <span class='ocrx_word' id='word_1_331' title='bbox 1766 1519 1935 1543; x_wconf 87' lang='lat' dir='ltr'><strong>rosarum</strong></span> <span class='ocrx_word' id='word_1_332' title='bbox 1956 1508 1992 1543; x_wconf 93' lang='lat' dir='ltr'><strong>in</strong></span> <span class='ocrx_word' id='word_1_333' title='bbox 2014 1507 2147 1545; x_wconf 89' lang='lat' dir='ltr'><strong>diebus</strong></span> <span class='ocrx_word' id='word_1_334' title='bbox 2164 1521 2252 1544; x_wconf 74' lang='lat' dir='ltr'><strong>ver-</strong></span> 
     </span>
     <span class='ocr_line' id='line_1_49' title="bbox 1261 1566 2246 1617; baseline -0.003 -11"><span class='ocrx_word' id='word_1_335' title='bbox 1261 1571 1340 1615; x_wconf 90' lang='lat' dir='ltr'><strong>nis,</strong></span> <span class='ocrx_word' id='word_1_336' title='bbox 1360 1577 1396 1605; x_wconf 88' lang='lat' dir='ltr'><strong>et</strong></span> <span class='ocrx_word' id='word_1_337' title='bbox 1419 1567 1526 1617; x_wconf 91' lang='lat' dir='ltr'><strong>quasi</strong></span> <span class='ocrx_word' id='word_1_338' title='bbox 1549 1566 1624 1602; x_wconf 90' lang='lat' dir='ltr'><strong>lilia</strong></span> <span class='ocrx_word' id='word_1_339' title='bbox 1646 1578 1729 1615; x_wconf 86' lang='lat' dir='ltr'><strong>quae</strong></span> <span class='ocrx_word' id='word_1_340' title='bbox 1747 1574 1834 1602; x_wconf 89' lang='lat' dir='ltr'><strong>sunt</strong></span> <span class='ocrx_word' id='word_1_341' title='bbox 1854 1566 1892 1602; x_wconf 93' lang='lat' dir='ltr'><strong>in</strong></span> <span class='ocrx_word' id='word_1_342' title='bbox 1917 1567 2074 1603; x_wconf 89' lang='lat' dir='ltr'><strong>transitu</strong></span> <span class='ocrx_word' id='word_1_343' title='bbox 2095 1580 2201 1616; x_wconf 67' lang='lat' dir='ltr'><strong>aquae</strong></span> <span class='ocrx_word' id='word_1_344' title='bbox 2221 1569 2246 1603; x_wconf 59' lang='lat'><strong>4.</strong></span> 
     </span>
     <span class='ocr_line' id='line_1_50' title="bbox 1261 1625 2251 1676; baseline -0.004 -9"><span class='ocrx_word' id='word_1_345' title='bbox 1261 1629 1483 1673; x_wconf 84' lang='lat' dir='ltr'><strong>Gratulare,</strong></span> <span class='ocrx_word' id='word_1_346' title='bbox 1520 1638 1679 1676; x_wconf 85' lang='lat' dir='ltr'><strong>sponsa,</strong></span> <span class='ocrx_word' id='word_1_347' title='bbox 1709 1625 1831 1675; x_wconf 83' lang='lat' dir='ltr'><strong>gaude</strong></span> <span class='ocrx_word' id='word_1_348' title='bbox 1862 1626 2208 1676; x_wconf 85' lang='lat' dir='ltr'><strong>incomparabiliter</strong></span> <span class='ocrx_word' id='word_1_349' title='bbox 2244 1642 2251 1663; x_wconf 92' lang='lat'>:</span> 
     </span>
     <span class='ocr_line' id='line_1_51' title="bbox 1259 1685 2253 1739; baseline -0.003 -13"><span class='ocrx_word' id='word_1_350' title='bbox 1259 1688 1521 1739; x_wconf 81' lang='lat' dir='ltr'><strong>praesidentem</strong></span> <span class='ocrx_word' id='word_1_351' title='bbox 1554 1685 1669 1722; x_wconf 88' lang='lat' dir='ltr'><strong>habes</strong></span> <span class='ocrx_word' id='word_1_352' title='bbox 1701 1693 1737 1721; x_wconf 91' lang='lat' dir='ltr'><strong>et</strong></span> <span class='ocrx_word' id='word_1_353' title='bbox 1776 1694 1962 1722; x_wconf 88' lang='lat' dir='ltr'><strong>rectorem</strong></span> <span class='ocrx_word' id='word_1_354' title='bbox 1997 1700 2178 1735; x_wconf 85' lang='lat' dir='ltr'><strong>sponsum</strong></span> <span class='ocrx_word' id='word_1_355' title='bbox 2215 1688 2253 1723; x_wconf 88' lang='lat' dir='ltr'><strong>in</strong></span> 
     </span>
     <span class='ocr_line' id='line_1_52' title="bbox 1258 1744 2250 1799; baseline -0.004 -13"><span class='ocrx_word' id='word_1_356' title='bbox 1258 1747 1454 1799; x_wconf 88' lang='lat' dir='ltr'><strong>praesentis</strong></span> <span class='ocrx_word' id='word_1_357' title='bbox 1480 1745 1599 1782; x_wconf 76' lang='lat' dir='ltr'><strong>exsilii</strong></span> <span class='ocrx_word' id='word_1_358' title='bbox 1617 1744 1758 1781; x_wconf 87' lang='lat' dir='ltr'><strong>militia.</strong></span> <span class='ocrx_word' id='word_1_359' title='bbox 1779 1744 1916 1793; x_wconf 80' lang='lat' dir='ltr'><strong>Pignus</strong></span> <span class='ocrx_word' id='word_1_360' title='bbox 1937 1744 2071 1788; x_wconf 87' lang='lat' dir='ltr'><strong>habes,</strong></span> <span class='ocrx_word' id='word_1_361' title='bbox 2101 1746 2250 1782; x_wconf 87' lang='lat' dir='ltr'><strong>arrham</strong></span> 
     </span>
     <span class='ocr_line' id='line_1_53' title="bbox 1259 1804 2252 1856; baseline -0.003 -11"><span class='ocrx_word' id='word_1_362' title='bbox 1259 1817 1382 1851; x_wconf 89' lang='lat' dir='ltr'><strong>tenes,</strong></span> <span class='ocrx_word' id='word_1_363' title='bbox 1400 1805 1539 1856; x_wconf 91' lang='lat' dir='ltr'><strong>quibus</strong></span> <span class='ocrx_word' id='word_1_364' title='bbox 1557 1804 1713 1840; x_wconf 84' lang='lat' dir='ltr'><strong>feliciter</strong></span> <span class='ocrx_word' id='word_1_365' title='bbox 1730 1816 1870 1853; x_wconf 90' lang='lat' dir='ltr'><strong>sponso</strong></span> <span class='ocrx_word' id='word_1_366' title='bbox 1888 1804 2028 1840; x_wconf 87' lang='lat' dir='ltr'><strong>uniaris</strong></span> <span class='ocrx_word' id='word_1_367' title='bbox 2048 1805 2086 1841; x_wconf 91' lang='lat' dir='ltr'><strong>in</strong></span> <span class='ocrx_word' id='word_1_368' title='bbox 2119 1806 2252 1854; x_wconf 87' lang='lat' dir='ltr'><strong>patria.</strong></span> 
     </span>
    </p>
   </div>
   <div class='ocr_carea' id='block_1_9' title="bbox 250 1863 2254 1917">
    <p class='ocr_par' dir='ltr' id='par_1_10' title="bbox 250 1863 2254 1917">
     <span class='ocr_line' id='line_1_54' title="bbox 250 1863 2254 1917; baseline -0.002 -12"><span class='ocrx_word' id='word_1_369' title='bbox 250 1869 285 1904; x_wconf 87' lang='grc'><strong>6.</strong></span> <span class='ocrx_word' id='word_1_370' title='bbox 315 1866 505 1917; x_wconf 78' lang='lat' dir='ltr'><strong>Expositis</strong></span> <span class='ocrx_word' id='word_1_371' title='bbox 528 1866 641 1915; x_wconf 79' lang='lat' dir='ltr'><strong>igitur</strong></span> <span class='ocrx_word' id='word_1_372' title='bbox 661 1866 781 1901; x_wconf 73' lang='lat' dir='ltr'><strong>forma</strong></span> <span class='ocrx_word' id='word_1_373' title='bbox 804 1872 842 1900; x_wconf 76' lang='lat' dir='ltr'><strong>et</strong></span> <span class='ocrx_word' id='word_1_374' title='bbox 865 1863 1029 1900; x_wconf 74' lang='lat' dir='ltr'><strong>efficacia</strong></span> <span class='ocrx_word' id='word_1_375' title='bbox 1056 1865 1188 1899; x_wconf 66' lang='lat' dir='ltr'><strong>Sam&#39;a-</strong></span> <span class='ocrx_word' id='word_1_376' title='bbox 1208 1864 1236 1899; x_wconf 87' lang='lat' dir='ltr'><strong>C</strong></span> <span class='ocrx_word' id='word_1_377' title='bbox 1259 1867 1430 1907; x_wconf 89' lang='lat' dir='ltr'><strong>Gloriosa</strong></span> <span class='ocrx_word' id='word_1_378' title='bbox 1451 1874 1487 1901; x_wconf 89' lang='lat' dir='ltr'><strong>et</strong></span> <span class='ocrx_word' id='word_1_379' title='bbox 1514 1863 1685 1901; x_wconf 89' lang='lat' dir='ltr'><strong>amabilis</strong></span> <span class='ocrx_word' id='word_1_380' title='bbox 1712 1876 1872 1913; x_wconf 88' lang='lat' dir='ltr'><strong>sponsa,</strong></span> <span class='ocrx_word' id='word_1_381' title='bbox 1894 1864 1931 1899; x_wconf 92' lang='lat' dir='ltr'><strong>in</strong></span> <span class='ocrx_word' id='word_1_382' title='bbox 1957 1872 2053 1900; x_wconf 88' lang='lat' dir='ltr'><strong>terra</strong></span> <span class='ocrx_word' id='word_1_383' title='bbox 2072 1878 2254 1914; x_wconf 86' lang='lat' dir='ltr'><strong>sponsum</strong></span> 
     </span>
    </p>
   </div>
   <div class='ocr_carea' id='block_1_10' title="bbox 196 1922 1195 2630">
    <p class='ocr_par' dir='ltr' id='par_1_11' title="bbox 196 1922 1195 2630">
     <span class='ocr_line' id='line_1_55' title="bbox 199 1922 1193 1973; baseline -0.005 -10"><span class='ocrx_word' id='word_1_384' title='bbox 199 1926 337 1971; x_wconf 89' lang='lat' dir='ltr'><strong>menti,</strong></span> <span class='ocrx_word' id='word_1_385' title='bbox 358 1934 473 1963; x_wconf 87' lang='lat' dir='ltr'><strong>restat</strong></span> <span class='ocrx_word' id='word_1_386' title='bbox 492 1925 715 1970; x_wconf 87' lang='lat' dir='ltr'><strong>dicendum,</strong></span> <span class='ocrx_word' id='word_1_387' title='bbox 736 1923 874 1973; x_wconf 87' lang='lat' dir='ltr'><strong>quibus</strong></span> <span class='ocrx_word' id='word_1_388' title='bbox 893 1924 930 1959; x_wconf 92' lang='lat' dir='ltr'><strong>in</strong></span> <span class='ocrx_word' id='word_1_389' title='bbox 948 1922 1073 1959; x_wconf 82' lang='lat' dir='ltr'><strong>verbis</strong></span> <span class='ocrx_word' id='word_1_390' title='bbox 1091 1936 1193 1959; x_wconf 87' lang='lat' dir='ltr'><strong>man-</strong></span> 
     </span>
     <span class='ocr_line' id='line_1_56' title="bbox 197 1981 1189 2030; baseline -0.006 -7"><span class='ocrx_word' id='word_1_391' title='bbox 197 1986 344 2023; x_wconf 87' lang='lat' dir='ltr'><strong>daverit</strong></span> <span class='ocrx_word' id='word_1_392' title='bbox 365 1986 533 2023; x_wconf 89' lang='lat' dir='ltr'><strong>Christus</strong></span> <span class='ocrx_word' id='word_1_393' title='bbox 550 1985 642 2021; x_wconf 91' lang='lat' dir='ltr'><strong>illud</strong></span> <span class='ocrx_word' id='word_1_394' title='bbox 658 1984 936 2020; x_wconf 88' lang='lat' dir='ltr'><strong>celebrandum.</strong></span> <span class='ocrx_word' id='word_1_395' title='bbox 963 1981 1189 2030; x_wconf 74' lang='lat' dir='ltr'><strong>Hoc-facite,</strong></span> 
     </span>
     <span class='ocr_line' id='line_1_57' title="bbox 197 2041 1194 2090; baseline -0.005 -8"><span class='ocrx_word' id='word_1_396' title='bbox 197 2046 261 2090; x_wconf 84' lang='lat' dir='ltr'><strong>ait,</strong></span> <span class='ocrx_word' id='word_1_397' title='bbox 278 2050 315 2082; x_wconf 80' lang='lat' dir='ltr'><strong>in</strong></span> <span class='ocrx_word' id='word_1_398' title='bbox 331 2059 450 2081; x_wconf 81' lang='lat' dir='ltr'><strong>meam</strong></span> <span class='ocrx_word' id='word_1_399' title='bbox 466 2047 850 2080; x_wconf 77' lang='lat' dir='ltr'><strong>commemorationem</strong></span> <span class='ocrx_word' id='word_1_400' title='bbox 867 2050 886 2078; x_wconf 88' lang='lat'><strong>¹.</strong></span> <span class='ocrx_word' id='word_1_401' title='bbox 903 2045 934 2080; x_wconf 94' lang='lat' dir='ltr'>O</span> <span class='ocrx_word' id='word_1_402' title='bbox 950 2041 1065 2078; x_wconf 82' lang='lat' dir='ltr'><strong>verba</strong></span> <span class='ocrx_word' id='word_1_403' title='bbox 1084 2042 1194 2077; x_wconf 87' lang='lat' dir='ltr'><strong>nimis</strong></span> 
     </span>
     <span class='ocr_line' id='line_1_58' title="bbox 197 2102 1195 2153; baseline -0.005 -11"><span class='ocrx_word' id='word_1_404' title='bbox 197 2106 428 2142; x_wconf 76' lang='lat' dir='ltr'><strong>affectuosa!</strong></span> <span class='ocrx_word' id='word_1_405' title='bbox 459 2108 490 2142; x_wconf 93' lang='grc' dir='ltr'>Ο</span> <span class='ocrx_word' id='word_1_406' title='bbox 521 2103 634 2141; x_wconf 88' lang='lat' dir='ltr'><strong>verba</strong></span> <span class='ocrx_word' id='word_1_407' title='bbox 666 2104 864 2153; x_wconf 84' lang='lat' dir='ltr'><strong>pungitiva</strong></span> <span class='ocrx_word' id='word_1_408' title='bbox 895 2111 933 2138; x_wconf 92' lang='lat' dir='ltr'><strong>et</strong></span> <span class='ocrx_word' id='word_1_409' title='bbox 961 2102 1195 2152; x_wconf 78' lang='lat' dir='ltr'><strong>penetrativa</strong></span> 
     </span>
     <span class='ocr_line' id='line_1_59' title="bbox 198 2162 1192 2213; baseline -0.006 -12"><span class='ocrx_word' id='word_1_410' title='bbox 198 2177 316 2213; x_wconf 87' lang='lat' dir='ltr'><strong>usque</strong></span> <span class='ocrx_word' id='word_1_411' title='bbox 338 2164 383 2200; x_wconf 88' lang='lat' dir='ltr'><strong>ad</strong></span> <span class='ocrx_word' id='word_1_412' title='bbox 408 2164 569 2200; x_wconf 89' lang='lat' dir='ltr'><strong>animam</strong></span> <span class='ocrx_word' id='word_1_413' title='bbox 586 2166 592 2198; x_wconf 87' lang='lat'>!</span> <span class='ocrx_word' id='word_1_414' title='bbox 615 2166 694 2198; x_wconf 84' lang='lat' dir='ltr'><strong>Hoc</strong></span> <span class='ocrx_word' id='word_1_415' title='bbox 705 2162 841 2211; x_wconf 79' lang='lat' dir='ltr'><strong>facite,</strong></span> <span class='ocrx_word' id='word_1_416' title='bbox 859 2162 1002 2210; x_wconf 87' lang='lat' dir='ltr'><strong>inquit,</strong></span> <span class='ocrx_word' id='word_1_417' title='bbox 1019 2166 1054 2196; x_wconf 82' lang='lat' dir='ltr'><strong>in</strong></span> <span class='ocrx_word' id='word_1_418' title='bbox 1073 2175 1192 2196; x_wconf 79' lang='lat' dir='ltr'><strong>meam</strong></span> 
     </span>
     <span class='ocr_line' id='line_1_60' title="bbox 196 2220 1194 2272; baseline -0.004 -13"><span class='ocrx_word' id='word_1_419' title='bbox 196 2228 595 2260; x_wconf 76' lang='lat' dir='ltr'><strong>commemorationem.</strong></span> <span class='ocrx_word' id='word_1_420' title='bbox 620 2222 811 2272; x_wconf 87' lang='lat' dir='ltr'><strong>Propheta</strong></span> <span class='ocrx_word' id='word_1_421' title='bbox 831 2222 942 2258; x_wconf 88' lang='lat' dir='ltr'><strong>etiam</strong></span> <span class='ocrx_word' id='word_1_422' title='bbox 962 2220 1052 2257; x_wconf 90' lang='lat' dir='ltr'><strong>dicit</strong></span> <span class='ocrx_word' id='word_1_423' title='bbox 1079 2235 1086 2257; x_wconf 74' lang='grc' dir='ltr'>ε</span> <span class='ocrx_word' id='word_1_424' title='bbox 1108 2223 1194 2256; x_wconf 84' lang='lat' dir='ltr'><strong>Me-</strong></span> 
     </span>
     <span class='ocr_line' id='line_1_61' title="bbox 198 2280 1192 2319; baseline -0.002 0"><span class='ocrx_word' id='word_1_425' title='bbox 198 2287 355 2319; x_wconf 79' lang='lat' dir='ltr'><strong>moriam</strong></span> <span class='ocrx_word' id='word_1_426' title='bbox 385 2283 630 2318; x_wconf 77' lang='lat' dir='ltr'><strong>abundantioe</strong></span> <span class='ocrx_word' id='word_1_427' title='bbox 651 2286 844 2318; x_wconf 76' lang='lat' dir='ltr'><strong>suavitatis</strong></span> <span class='ocrx_word' id='word_1_428' title='bbox 875 2280 1095 2317; x_wconf 76' lang='lat' dir='ltr'><strong>eructabant</strong></span> <span class='ocrx_word' id='word_1_429' title='bbox 1115 2287 1139 2316; x_wconf 87' lang='lat'><strong>².</strong></span> <span class='ocrx_word' id='word_1_430' title='bbox 1162 2282 1192 2317; x_wconf 95' lang='grc' dir='ltr'>Ο</span> 
     </span>
     <span class='ocr_line' id='line_1_62' title="bbox 196 2340 1193 2393; baseline -0.005 -13"><span class='ocrx_word' id='word_1_431' title='bbox 196 2356 343 2380; x_wconf 89' lang='lat' dir='ltr'><strong>summe</strong></span> <span class='ocrx_word' id='word_1_432' title='bbox 357 2344 418 2393; x_wconf 89' lang='lat' dir='ltr'><strong>pia</strong></span> <span class='ocrx_word' id='word_1_433' title='bbox 439 2352 475 2380; x_wconf 90' lang='lat' dir='ltr'><strong>et</strong></span> <span class='ocrx_word' id='word_1_434' title='bbox 492 2355 582 2379; x_wconf 89' lang='lat' dir='ltr'><strong>vere</strong></span> <span class='ocrx_word' id='word_1_435' title='bbox 602 2343 726 2379; x_wconf 85' lang='lat' dir='ltr'><strong>suavis</strong></span> <span class='ocrx_word' id='word_1_436' title='bbox 746 2341 941 2386; x_wconf 90' lang='lat' dir='ltr'><strong>memoria,</strong></span> <span class='ocrx_word' id='word_1_437' title='bbox 965 2340 1193 2376; x_wconf 89' lang='lat' dir='ltr'><strong>annuntiare</strong></span> 
     </span>
     <span class='ocr_line' id='line_1_63' title="bbox 197 2398 1190 2440; baseline -0.006 0"><span class='ocrx_word' id='word_1_438' title='bbox 197 2411 358 2440; x_wconf 91' lang='lat' dir='ltr'><strong>mortem</strong></span> <span class='ocrx_word' id='word_1_439' title='bbox 400 2403 553 2440; x_wconf 91' lang='lat' dir='ltr'><strong>Domini</strong></span> <span class='ocrx_word' id='word_1_440' title='bbox 589 2401 709 2438; x_wconf 90' lang='lat' dir='ltr'><strong>donec</strong></span> <span class='ocrx_word' id='word_1_441' title='bbox 750 2401 894 2437; x_wconf 85' lang='lat' dir='ltr'><strong>veniat!</strong></span> <span class='ocrx_word' id='word_1_442' title='bbox 925 2403 1027 2436; x_wconf 89' lang='lat' dir='ltr'><strong>Mors</strong></span> <span class='ocrx_word' id='word_1_443' title='bbox 1053 2398 1190 2436; x_wconf 90' lang='lat' dir='ltr'><strong>Christi</strong></span> 
     </span>
     <span class='ocr_line' id='line_1_64' title="bbox 196 2459 1189 2513; baseline -0.005 -13"><span class='ocrx_word' id='word_1_444' title='bbox 196 2476 292 2513; x_wconf 89' lang='lat' dir='ltr'><strong>opus</strong></span> <span class='ocrx_word' id='word_1_445' title='bbox 308 2463 387 2500; x_wconf 93' lang='lat' dir='ltr'><strong>sine</strong></span> <span class='ocrx_word' id='word_1_446' title='bbox 416 2463 610 2513; x_wconf 79' lang='lat' dir='ltr'><strong>exempl03</strong></span> <span class='ocrx_word' id='word_1_447' title='bbox 639 2462 830 2498; x_wconf 90' lang='lat' dir='ltr'><strong>humilitas</strong></span> <span class='ocrx_word' id='word_1_448' title='bbox 856 2460 936 2497; x_wconf 89' lang='lat' dir='ltr'><strong>sine</strong></span> <span class='ocrx_word' id='word_1_449' title='bbox 954 2459 1068 2496; x_wconf 90' lang='lat' dir='ltr'><strong>modo</strong></span> <span class='ocrx_word' id='word_1_450' title='bbox 1092 2472 1100 2494; x_wconf 75' lang='grc' dir='ltr'>ε</span> <span class='ocrx_word' id='word_1_451' title='bbox 1120 2459 1189 2495; x_wconf 89' lang='grc'>(10-</span> 
     </span>
     <span class='ocr_line' id='line_1_65' title="bbox 196 2519 1189 2572; baseline -0.005 -13"><span class='ocrx_word' id='word_1_452' title='bbox 196 2536 286 2559; x_wconf 90' lang='lat' dir='ltr'><strong>num</strong></span> <span class='ocrx_word' id='word_1_453' title='bbox 317 2523 397 2559; x_wconf 90' lang='lat' dir='ltr'><strong>sine</strong></span> <span class='ocrx_word' id='word_1_454' title='bbox 428 2523 574 2572; x_wconf 90' lang='lat' dir='ltr'><strong>pretio;</strong></span> <span class='ocrx_word' id='word_1_455' title='bbox 600 2530 637 2558; x_wconf 92' lang='lat' dir='ltr'><strong>et</strong></span> <span class='ocrx_word' id='word_1_456' title='bbox 662 2521 780 2570; x_wconf 80' lang='lat' dir='ltr'><strong>gratia</strong></span> <span class='ocrx_word' id='word_1_457' title='bbox 800 2521 880 2557; x_wconf 91' lang='lat' dir='ltr'><strong>sine</strong></span> <span class='ocrx_word' id='word_1_458' title='bbox 911 2519 1058 2556; x_wconf 88' lang='lat' dir='ltr'><strong>merito.</strong></span> <span class='ocrx_word' id='word_1_459' title='bbox 1085 2522 1189 2556; x_wconf 89' lang='lat' dir='ltr'><strong>Hanc</strong></span> 
     </span>
     <span class='ocr_line' id='line_1_66' title="bbox 197 2579 1189 2630; baseline -0.005 -13"><span class='ocrx_word' id='word_1_460' title='bbox 197 2589 355 2630; x_wconf 89' lang='lat' dir='ltr'><strong>propter</strong></span> <span class='ocrx_word' id='word_1_461' title='bbox 381 2593 450 2617; x_wconf 90' lang='lat' dir='ltr'><strong>nos</strong></span> <span class='ocrx_word' id='word_1_462' title='bbox 476 2580 603 2616; x_wconf 91' lang='lat' dir='ltr'><strong>subire</strong></span> <span class='ocrx_word' id='word_1_463' title='bbox 632 2580 766 2625; x_wconf 82' lang='lat' dir='ltr'><strong>voluit,</strong></span> <span class='ocrx_word' id='word_1_464' title='bbox 790 2579 855 2628; x_wconf 89' lang='lat' dir='ltr'><strong>qui</strong></span> <span class='ocrx_word' id='word_1_465' title='bbox 887 2586 1038 2628; x_wconf 87' lang='lat' dir='ltr'><strong>peccata</strong></span> <span class='ocrx_word' id='word_1_466' title='bbox 1062 2585 1189 2613; x_wconf 87' lang='lat' dir='ltr'><strong>nostra</strong></span> 
     </span>
    </p>
   </div>
   <div class='ocr_carea' id='block_1_11' title="bbox 1255 1921 2258 2624">
    <p class='ocr_par' dir='ltr' id='par_1_12' title="bbox 1255 1921 2258 2624">
     <span class='ocr_line' id='line_1_67' title="bbox 1260 1921 2256 1968; baseline -0.003 -4"><span class='ocrx_word' id='word_1_467' title='bbox 1260 1926 1374 1964; x_wconf 86' lang='lat' dir='ltr'><strong>habes</strong></span> <span class='ocrx_word' id='word_1_468' title='bbox 1394 1926 1430 1961; x_wconf 93' lang='lat' dir='ltr'><strong>in</strong></span> <span class='ocrx_word' id='word_1_469' title='bbox 1452 1926 1715 1968; x_wconf 88' lang='lat' dir='ltr'><strong>Sacramento,</strong></span> <span class='ocrx_word' id='word_1_470' title='bbox 1738 1922 1773 1958; x_wconf 92' lang='lat' dir='ltr'><strong>in</strong></span> <span class='ocrx_word' id='word_1_471' title='bbox 1792 1922 1894 1958; x_wconf 81' lang='lat' dir='ltr'><strong>coelis</strong></span> <span class='ocrx_word' id='word_1_472' title='bbox 1915 1921 2089 1959; x_wconf 88' lang='lat' dir='ltr'><strong>habitura</strong></span> <span class='ocrx_word' id='word_1_473' title='bbox 2118 1937 2156 1960; x_wconf 89' lang='lat' dir='ltr'><strong>es</strong></span> <span class='ocrx_word' id='word_1_474' title='bbox 2176 1925 2256 1961; x_wconf 88' lang='lat' dir='ltr'><strong>sine</strong></span> 
     </span>
     <span class='ocr_line' id='line_1_68' title="bbox 1259 1980 2258 2032; baseline -0.004 -9"><span class='ocrx_word' id='word_1_475' title='bbox 1259 1987 1487 2023; x_wconf 89' lang='lat' dir='ltr'><strong>velamento.</strong></span> <span class='ocrx_word' id='word_1_476' title='bbox 1508 1986 1554 2019; x_wconf 89' lang='lat' dir='ltr'><strong>Et</strong></span> <span class='ocrx_word' id='word_1_477' title='bbox 1573 1982 1654 2027; x_wconf 81' lang='lat' dir='ltr'><strong>hic,</strong></span> <span class='ocrx_word' id='word_1_478' title='bbox 1675 1989 1711 2017; x_wconf 85' lang='lat' dir='ltr'><strong>ct</strong></span> <span class='ocrx_word' id='word_1_479' title='bbox 1742 1980 1794 2017; x_wconf 87' lang='lat' dir='ltr'><strong>ibi</strong></span> <span class='ocrx_word' id='word_1_480' title='bbox 1815 1982 1952 2018; x_wconf 83' lang='lat' dir='ltr'><strong>veritas</strong></span> <span class='ocrx_word' id='word_1_481' title='bbox 1973 1995 1981 2016; x_wconf 79' lang='grc' dir='ltr'><em>τ</em></span> <span class='ocrx_word' id='word_1_482' title='bbox 2003 1982 2068 2018; x_wconf 85' lang='lat' dir='ltr'><strong>sed</strong></span> <span class='ocrx_word' id='word_1_483' title='bbox 2094 1983 2153 2019; x_wconf 86' lang='lat' dir='ltr'><strong>liic</strong></span> <span class='ocrx_word' id='word_1_484' title='bbox 2181 1984 2258 2032; x_wconf 87' lang='lat' dir='ltr'><strong>pal-</strong></span> 
     </span>
     <span class='ocr_line' id='line_1_69' title="bbox 1261 2040 2256 2090; baseline -0.003 -8"><span class='ocrx_word' id='word_1_485' title='bbox 1261 2047 1366 2090; x_wconf 91' lang='lat' dir='ltr'><strong>liata,</strong></span> <span class='ocrx_word' id='word_1_486' title='bbox 1395 2044 1445 2080; x_wconf 90' lang='lat' dir='ltr'><strong>ibi</strong></span> <span class='ocrx_word' id='word_1_487' title='bbox 1464 2042 1673 2079; x_wconf 80' lang='lat' dir='ltr'><strong>manifesta.</strong></span> <span class='ocrx_word' id='word_1_488' title='bbox 1692 2040 1762 2078; x_wconf 91' lang='lat' dir='ltr'><strong>Hic</strong></span> <span class='ocrx_word' id='word_1_489' title='bbox 1786 2040 1914 2089; x_wconf 88' lang='lat' dir='ltr'><strong>utique</strong></span> <span class='ocrx_word' id='word_1_490' title='bbox 1935 2054 2114 2090; x_wconf 85' lang='lat' dir='ltr'><strong>sponsum</strong></span> <span class='ocrx_word' id='word_1_491' title='bbox 2144 2042 2256 2079; x_wconf 85' lang='lat' dir='ltr'><strong>habet</strong></span> 
     </span>
     <span class='ocr_line' id='line_1_70' title="bbox 1262 2100 2257 2151; baseline -0.005 -8"><span class='ocrx_word' id='word_1_492' title='bbox 1262 2105 1426 2144; x_wconf 89' lang='lat' dir='ltr'><strong>Ecclesia</strong></span> <span class='ocrx_word' id='word_1_493' title='bbox 1449 2117 1517 2140; x_wconf 87' lang='lat' dir='ltr'><strong>suo</strong></span> <span class='ocrx_word' id='word_1_494' title='bbox 1534 2101 1667 2138; x_wconf 87' lang='lat' dir='ltr'><strong>ordine</strong></span> <span class='ocrx_word' id='word_1_495' title='bbox 1679 2129 1688 2146; x_wconf 90' lang='lat'>‚</span> <span class='ocrx_word' id='word_1_496' title='bbox 1713 2100 1881 2136; x_wconf 86' lang='lat' dir='ltr'><strong>nondum</strong></span> <span class='ocrx_word' id='word_1_497' title='bbox 1897 2101 2070 2150; x_wconf 87' lang='lat' dir='ltr'><strong>puritatis</strong></span> <span class='ocrx_word' id='word_1_498' title='bbox 2087 2102 2257 2151; x_wconf 75' lang='lat' dir='ltr'><strong>majesta-</strong></span> 
     </span>
     <span class='ocr_line' id='line_1_71' title="bbox 1261 2160 2254 2211; baseline -0.007 -8"><span class='ocrx_word' id='word_1_499' title='bbox 1261 2175 1317 2210; x_wconf 89' lang='lat' dir='ltr'><strong>te,</strong></span> <span class='ocrx_word' id='word_1_500' title='bbox 1346 2165 1405 2201; x_wconf 78' lang='lat' dir='ltr'><strong>vel</strong></span> <span class='ocrx_word' id='word_1_501' title='bbox 1431 2161 1650 2199; x_wconf 76' lang='lat' dir='ltr'><strong>aeternitatis</strong></span> <span class='ocrx_word' id='word_1_502' title='bbox 1673 2160 1882 2197; x_wconf 89' lang='lat' dir='ltr'><strong>securitate.</strong></span> <span class='ocrx_word' id='word_1_503' title='bbox 1903 2161 1971 2197; x_wconf 87' lang='lat' dir='ltr'><strong>Hic</strong></span> <span class='ocrx_word' id='word_1_504' title='bbox 1996 2174 2124 2198; x_wconf 75' lang='lat' dir='ltr'><strong>revera</strong></span> <span class='ocrx_word' id='word_1_505' title='bbox 2148 2163 2254 2211; x_wconf 78' lang='lat' dir='ltr'><strong>quasi</strong></span> 
     </span>
     <span class='ocr_line' id='line_1_72' title="bbox 1260 2219 2253 2272; baseline -0.004 -11"><span class='ocrx_word' id='word_1_506' title='bbox 1260 2224 1370 2261; x_wconf 89' lang='lat' dir='ltr'><strong>dulce</strong></span> <span class='ocrx_word' id='word_1_507' title='bbox 1389 2220 1613 2272; x_wconf 78' lang='lat' dir='ltr'><strong>praeludium</strong></span> <span class='ocrx_word' id='word_1_508' title='bbox 1629 2248 1638 2265; x_wconf 90' lang='lat'>‚</span> <span class='ocrx_word' id='word_1_509' title='bbox 1665 2228 1701 2255; x_wconf 87' lang='lat' dir='ltr'><strong>et</strong></span> <span class='ocrx_word' id='word_1_510' title='bbox 1722 2219 1890 2267; x_wconf 84' lang='lat' dir='ltr'><strong>jucunda</strong></span> <span class='ocrx_word' id='word_1_511' title='bbox 1913 2219 2155 2269; x_wconf 83' lang='lat' dir='ltr'><strong>desponsatio</strong></span> <span class='ocrx_word' id='word_1_512' title='bbox 2175 2235 2181 2255; x_wconf 90' lang='lat'>:</span> <span class='ocrx_word' id='word_1_513' title='bbox 2201 2222 2253 2258; x_wconf 90' lang='lat' dir='ltr'><strong>ibi</strong></span> 
     </span>
     <span class='ocr_line' id='line_1_73' title="bbox 1260 2277 2254 2331; baseline -0.004 -12"><span class='ocrx_word' id='word_1_514' title='bbox 1260 2282 1428 2331; x_wconf 86' lang='lat' dir='ltr'><strong>nuptiale</strong></span> <span class='ocrx_word' id='word_1_515' title='bbox 1454 2278 1696 2323; x_wconf 72' lang='lat' dir='ltr'><strong>convivium,</strong></span> <span class='ocrx_word' id='word_1_516' title='bbox 1727 2286 1764 2313; x_wconf 93' lang='lat' dir='ltr'><strong>et</strong></span> <span class='ocrx_word' id='word_1_517' title='bbox 1795 2277 1903 2313; x_wconf 91' lang='lat' dir='ltr'><strong>beata</strong></span> <span class='ocrx_word' id='word_1_518' title='bbox 1929 2278 1991 2313; x_wconf 84' lang='lat' dir='ltr'><strong>fiet</strong></span> <span class='ocrx_word' id='word_1_519' title='bbox 2010 2279 2254 2327; x_wconf 84' lang='lat' dir='ltr'><strong>conjunctio;</strong></span> 
     </span>
     <span class='ocr_line' id='line_1_74' title="bbox 1259 2336 2253 2387; baseline -0.003 -9"><span class='ocrx_word' id='word_1_520' title='bbox 1259 2355 1343 2378; x_wconf 90' lang='lat' dir='ltr'><strong>cum</strong></span> <span class='ocrx_word' id='word_1_521' title='bbox 1365 2340 1412 2376; x_wconf 89' lang='lat' dir='ltr'><strong>de</strong></span> <span class='ocrx_word' id='word_1_522' title='bbox 1434 2339 1506 2375; x_wconf 82' lang='lat' dir='ltr'><strong>lide</strong></span> <span class='ocrx_word' id='word_1_523' title='bbox 1523 2338 1568 2375; x_wconf 87' lang='lat' dir='ltr'><strong>ad</strong></span> <span class='ocrx_word' id='word_1_524' title='bbox 1587 2338 1766 2387; x_wconf 86' lang='lat' dir='ltr'><strong>speciem,</strong></span> <span class='ocrx_word' id='word_1_525' title='bbox 1790 2336 1835 2373; x_wconf 89' lang='lat' dir='ltr'><strong>de</strong></span> <span class='ocrx_word' id='word_1_526' title='bbox 1857 2349 1985 2373; x_wconf 85' lang='lat' dir='ltr'><strong>mense</strong></span> <span class='ocrx_word' id='word_1_527' title='bbox 2002 2337 2047 2373; x_wconf 87' lang='lat' dir='ltr'><strong>ad</strong></span> <span class='ocrx_word' id='word_1_528' title='bbox 2066 2351 2253 2380; x_wconf 81' lang='lat' dir='ltr'><strong>mensem,</strong></span> 
     </span>
     <span class='ocr_line' id='line_1_75' title="bbox 1260 2395 2253 2445; baseline -0.003 -8"><span class='ocrx_word' id='word_1_529' title='bbox 1260 2401 1306 2437; x_wconf 92' lang='lat' dir='ltr'><strong>de</strong></span> <span class='ocrx_word' id='word_1_530' title='bbox 1326 2398 1482 2436; x_wconf 88' lang='lat' dir='ltr'><strong>sabbato</strong></span> <span class='ocrx_word' id='word_1_531' title='bbox 1509 2397 1555 2433; x_wconf 88' lang='lat' dir='ltr'><strong>ad</strong></span> <span class='ocrx_word' id='word_1_532' title='bbox 1582 2395 1805 2441; x_wconf 88' lang='lat' dir='ltr'><strong>sabbatum,</strong></span> <span class='ocrx_word' id='word_1_533' title='bbox 1825 2395 1871 2431; x_wconf 91' lang='lat' dir='ltr'><strong>de</strong></span> <span class='ocrx_word' id='word_1_534' title='bbox 1893 2396 2017 2431; x_wconf 89' lang='lat' dir='ltr'><strong>calore</strong></span> <span class='ocrx_word' id='word_1_535' title='bbox 2046 2410 2185 2445; x_wconf 83' lang='lat' dir='ltr'><strong>panum</strong></span> <span class='ocrx_word' id='word_1_536' title='bbox 2207 2398 2253 2434; x_wconf 83' lang='lat' dir='ltr'><strong>ad</strong></span> 
     </span>
     <span class='ocr_line' id='line_1_76' title="bbox 1255 2453 2250 2496; baseline -0.003 0"><span class='ocrx_word' id='word_1_537' title='bbox 1255 2459 1442 2496; x_wconf 85' lang='lat' dir='ltr'><strong>aeternalis</strong></span> <span class='ocrx_word' id='word_1_538' title='bbox 1468 2456 1634 2493; x_wconf 79' lang='lat' dir='ltr'><strong>convivii</strong></span> <span class='ocrx_word' id='word_1_539' title='bbox 1661 2455 1823 2491; x_wconf 91' lang='lat' dir='ltr'><strong>calorem</strong></span> <span class='ocrx_word' id='word_1_540' title='bbox 1854 2453 2106 2491; x_wconf 84' lang='lat' dir='ltr'><strong>transibimus.</strong></span> <span class='ocrx_word' id='word_1_541' title='bbox 2142 2457 2250 2493; x_wconf 77' lang='lat' dir='ltr'><strong>Lude</strong></span> 
     </span>
     <span class='ocr_line' id='line_1_77' title="bbox 1255 2513 2255 2569; baseline -0.005 -13"><span class='ocrx_word' id='word_1_542' title='bbox 1255 2519 1418 2569; x_wconf 85' lang='lat' dir='ltr'><strong>suspirat</strong></span> <span class='ocrx_word' id='word_1_543' title='bbox 1448 2528 1609 2566; x_wconf 87' lang='lat' dir='ltr'><strong>sponsa,</strong></span> <span class='ocrx_word' id='word_1_544' title='bbox 1631 2523 1668 2551; x_wconf 94' lang='lat' dir='ltr'><strong>et</strong></span> <span class='ocrx_word' id='word_1_545' title='bbox 1695 2513 1785 2550; x_wconf 90' lang='lat' dir='ltr'><strong>dicit</strong></span> <span class='ocrx_word' id='word_1_546' title='bbox 1805 2527 1888 2550; x_wconf 87' lang='lat' dir='ltr'><strong>cum</strong></span> <span class='ocrx_word' id='word_1_547' title='bbox 1910 2517 2041 2562; x_wconf 76' lang='lat' dir='ltr'><strong>Moyse</strong></span> <span class='ocrx_word' id='word_1_548' title='bbox 2060 2528 2067 2548; x_wconf 93' lang='lat'>:</span> <span class='ocrx_word' id='word_1_549' title='bbox 2095 2518 2255 2551; x_wconf 64' lang='lat' dir='ltr'><strong>Ostende</strong></span> 
     </span>
     <span class='ocr_line' id='line_1_78' title="bbox 1256 2573 2251 2624; baseline -0.004 -9"><span class='ocrx_word' id='word_1_550' title='bbox 1256 2580 1348 2615; x_wconf 82' lang='lat' dir='ltr'><strong>mihi</strong></span> <span class='ocrx_word' id='word_1_551' title='bbox 1368 2586 1402 2613; x_wconf 80' lang='lat' dir='ltr'><strong>te</strong></span> <span class='ocrx_word' id='word_1_552' title='bbox 1420 2581 1534 2624; x_wconf 78' lang='lat' dir='ltr'><strong>ipsum</strong></span> <span class='ocrx_word' id='word_1_553' title='bbox 1555 2573 1582 2610; x_wconf 78' lang='lat'><strong>⁵.</strong></span> <span class='ocrx_word' id='word_1_554' title='bbox 1599 2578 1673 2611; x_wconf 76' lang='lat' dir='ltr'><strong>Nec</strong></span> <span class='ocrx_word' id='word_1_555' title='bbox 1693 2573 1892 2610; x_wconf 88' lang='lat' dir='ltr'><strong>immerito.</strong></span> <span class='ocrx_word' id='word_1_556' title='bbox 1912 2577 1998 2622; x_wconf 85' lang='lat' dir='ltr'><strong>lpse</strong></span> <span class='ocrx_word' id='word_1_557' title='bbox 2011 2574 2109 2609; x_wconf 86' lang='lat' dir='ltr'><strong>enim</strong></span> <span class='ocrx_word' id='word_1_558' title='bbox 2128 2578 2251 2619; x_wconf 63' lang='lat' dir='ltr'><strong>Jews,</strong></span> 
     </span>
    </p>
   </div>
   <div class='ocr_carea' id='block_1_12' title="bbox 197 2632 2251 2689">
    <p class='ocr_par' dir='ltr' id='par_1_13' title="bbox 197 2632 2251 2689">
     <span class='ocr_line' id='line_1_79' title="bbox 197 2632 2251 2689; baseline -0.002 -13"><span class='ocrx_word' id='word_1_559' title='bbox 197 2653 311 2689; x_wconf 88' lang='lat' dir='ltr'><strong>super</strong></span> <span class='ocrx_word' id='word_1_560' title='bbox 340 2641 481 2689; x_wconf 77' lang='lat' dir='ltr'><strong>lignum</strong></span> <span class='ocrx_word' id='word_1_561' title='bbox 509 2639 685 2676; x_wconf 89' lang='lat' dir='ltr'><strong>sustinuit</strong></span> <span class='ocrx_word' id='word_1_562' title='bbox 714 2640 750 2674; x_wconf 94' lang='lat' dir='ltr'><strong>in</strong></span> <span class='ocrx_word' id='word_1_563' title='bbox 780 2652 892 2674; x_wconf 87' lang='lat' dir='ltr'><strong>cruce</strong></span> <span class='ocrx_word' id='word_1_564' title='bbox 927 2651 1011 2682; x_wconf 92' lang='lat' dir='ltr'><strong>sua,</strong></span> <span class='ocrx_word' id='word_1_565' title='bbox 1052 2637 1191 2673; x_wconf 80' lang='lat' dir='ltr'><strong>scilicet</strong></span> <span class='ocrx_word' id='word_1_566' title='bbox 1206 2642 1237 2674; x_wconf 94' lang='lat' dir='ltr'>D</span> <span class='ocrx_word' id='word_1_567' title='bbox 1258 2638 1322 2687; x_wconf 88' lang='lat' dir='ltr'><strong>qui</strong></span> <span class='ocrx_word' id='word_1_568' title='bbox 1344 2636 1462 2673; x_wconf 88' lang='lat' dir='ltr'><strong>dulcis</strong></span> <span class='ocrx_word' id='word_1_569' title='bbox 1483 2635 1590 2671; x_wconf 85' lang='lat' dir='ltr'><strong>estin</strong></span> <span class='ocrx_word' id='word_1_570' title='bbox 1609 2646 1714 2677; x_wconf 72' lang='lat' dir='ltr'><strong>voce,</strong></span> <span class='ocrx_word' id='word_1_571' title='bbox 1733 2633 1853 2668; x_wconf 85' lang='lat' dir='ltr'><strong>dulcis</strong></span> <span class='ocrx_word' id='word_1_572' title='bbox 1875 2632 1910 2667; x_wconf 90' lang='lat' dir='ltr'><strong>in</strong></span> <span class='ocrx_word' id='word_1_573' title='bbox 1931 2632 2046 2677; x_wconf 80' lang='lat' dir='ltr'><strong>facie,</strong></span> <span class='ocrx_word' id='word_1_574' title='bbox 2069 2633 2188 2669; x_wconf 75' lang='lat' dir='ltr'><strong>duleis</strong></span> <span class='ocrx_word' id='word_1_575' title='bbox 2217 2637 2251 2671; x_wconf 85' lang='lat' dir='ltr'><strong>iu</strong></span> 
     </span>
    </p>
   </div>
   <div class='ocr_carea' id='block_1_13' title="bbox 196 2697 1193 3225">
    <p class='ocr_par' dir='ltr' id='par_1_14' title="bbox 196 2697 1193 3225">
     <span class='ocr_line' id='line_1_80' title="bbox 196 2697 1190 2750; baseline -0.005 -14"><span class='ocrx_word' id='word_1_576' title='bbox 196 2713 347 2750; x_wconf 82' lang='lat' dir='ltr'><strong>poenam</strong></span> <span class='ocrx_word' id='word_1_577' title='bbox 369 2708 609 2749; x_wconf 87' lang='lat' dir='ltr'><strong>peccatorum</strong></span> <span class='ocrx_word' id='word_1_578' title='bbox 622 2728 631 2744; x_wconf 96' lang='lat'><strong>,</strong></span> <span class='ocrx_word' id='word_1_579' title='bbox 649 2698 757 2746; x_wconf 88' lang='lat' dir='ltr'><strong>cujus</strong></span> <span class='ocrx_word' id='word_1_580' title='bbox 774 2699 893 2734; x_wconf 85' lang='lat' dir='ltr'><strong>livore</strong></span> <span class='ocrx_word' id='word_1_581' title='bbox 909 2697 1026 2733; x_wconf 89' lang='lat' dir='ltr'><strong>sanati</strong></span> <span class='ocrx_word' id='word_1_582' title='bbox 1049 2709 1190 2733; x_wconf 86' lang='lat' dir='ltr'><strong>sumus.</strong></span> 
     </span>
     <span class='ocr_line' id='line_1_81' title="bbox 196 2756 1193 2808; baseline -0.006 -12"><span class='ocrx_word' id='word_1_583' title='bbox 196 2759 294 2807; x_wconf 85' lang='lat' dir='ltr'><strong>Quid</strong></span> <span class='ocrx_word' id='word_1_584' title='bbox 326 2760 434 2805; x_wconf 84' lang='lat' dir='ltr'><strong>facis,</strong></span> <span class='ocrx_word' id='word_1_585' title='bbox 465 2759 578 2795; x_wconf 85' lang='lat' dir='ltr'><strong>bomo</strong></span> <span class='ocrx_word' id='word_1_586' title='bbox 610 2758 790 2808; x_wconf 79' lang='lat' dir='ltr'><strong>indigne?</strong></span> <span class='ocrx_word' id='word_1_587' title='bbox 819 2757 910 2806; x_wconf 89' lang='lat' dir='ltr'><strong>quid</strong></span> <span class='ocrx_word' id='word_1_588' title='bbox 940 2757 1054 2800; x_wconf 85' lang='lat' dir='ltr'><strong>sacis,</strong></span> <span class='ocrx_word' id='word_1_589' title='bbox 1078 2756 1193 2791; x_wconf 87' lang='lat' dir='ltr'><strong>homo</strong></span> 
     </span>
     <span class='ocr_line' id='line_1_82' title="bbox 196 2815 1188 2869; baseline -0.005 -14"><span class='ocrx_word' id='word_1_590' title='bbox 196 2819 370 2869; x_wconf 71' lang='lat' dir='ltr'><strong>ingrate?</strong></span> <span class='ocrx_word' id='word_1_591' title='bbox 396 2819 520 2855; x_wconf 87' lang='lat' dir='ltr'><strong>Adora</strong></span> <span class='ocrx_word' id='word_1_592' title='bbox 546 2818 740 2862; x_wconf 80' lang='lat' dir='ltr'><strong>devotius,</strong></span> <span class='ocrx_word' id='word_1_593' title='bbox 762 2825 798 2853; x_wconf 86' lang='lat' dir='ltr'><strong>et</strong></span> <span class='ocrx_word' id='word_1_594' title='bbox 815 2817 937 2853; x_wconf 85' lang='lat' dir='ltr'><strong>recole</strong></span> <span class='ocrx_word' id='word_1_595' title='bbox 956 2815 1188 2864; x_wconf 79' lang='lat' dir='ltr'><strong>frequentius</strong></span> 
     </span>
     <span class='ocr_line' id='line_1_83' title="bbox 196 2875 1188 2924; baseline -0.006 -9"><span class='ocrx_word' id='word_1_596' title='bbox 196 2879 233 2915; x_wconf 91' lang='lat' dir='ltr'><strong>in</strong></span> <span class='ocrx_word' id='word_1_597' title='bbox 265 2881 505 2915; x_wconf 87' lang='lat' dir='ltr'><strong>Sacramento</strong></span> <span class='ocrx_word' id='word_1_598' title='bbox 532 2878 658 2914; x_wconf 89' lang='lat' dir='ltr'><strong>altaris</strong></span> <span class='ocrx_word' id='word_1_599' title='bbox 692 2877 848 2912; x_wconf 85' lang='lat' dir='ltr'><strong>salutem</strong></span> <span class='ocrx_word' id='word_1_600' title='bbox 880 2875 1011 2911; x_wconf 88' lang='lat' dir='ltr'><strong>mundi</strong></span> <span class='ocrx_word' id='word_1_601' title='bbox 1051 2888 1121 2924; x_wconf 84' lang='lat' dir='ltr'><strong>pro</strong></span> <span class='ocrx_word' id='word_1_602' title='bbox 1154 2882 1188 2910; x_wconf 90' lang='lat' dir='ltr'><strong>te</strong></span> 
     </span>
     <span class='ocr_line' id='line_1_84' title="bbox 197 2934 1187 2987; baseline -0.005 -13"><span class='ocrx_word' id='word_1_603' title='bbox 197 2950 364 2987; x_wconf 85' lang='lat' dir='ltr'><strong>passam,</strong></span> <span class='ocrx_word' id='word_1_604' title='bbox 386 2938 499 2974; x_wconf 85' lang='lat' dir='ltr'><strong>vitam</strong></span> <span class='ocrx_word' id='word_1_605' title='bbox 531 2951 601 2987; x_wconf 88' lang='lat' dir='ltr'><strong>pro</strong></span> <span class='ocrx_word' id='word_1_606' title='bbox 636 2945 671 2973; x_wconf 88' lang='lat' dir='ltr'><strong>te</strong></span> <span class='ocrx_word' id='word_1_607' title='bbox 693 2944 898 2981; x_wconf 86' lang='lat' dir='ltr'><strong>mortuam,</strong></span> <span class='ocrx_word' id='word_1_608' title='bbox 929 2934 1187 2971; x_wconf 82' lang='lat' dir='ltr'><strong>fortitudinem</strong></span> 
     </span>
     <span class='ocr_line' id='line_1_85' title="bbox 197 2995 1188 3042; baseline -0.004 -10"><span class='ocrx_word' id='word_1_609' title='bbox 197 2997 438 3033; x_wconf 76' lang='lat' dir='ltr'><strong>infirmatam.</strong></span> <span class='ocrx_word' id='word_1_610' title='bbox 474 2996 510 3033; x_wconf 93' lang='lat' dir='ltr'><strong>Si</strong></span> <span class='ocrx_word' id='word_1_611' title='bbox 540 2995 752 3032; x_wconf 84' lang='lat' dir='ltr'><strong>membrum</strong></span> <span class='ocrx_word' id='word_1_612' title='bbox 782 2995 918 3032; x_wconf 87' lang='lat' dir='ltr'><strong>Christi</strong></span> <span class='ocrx_word' id='word_1_613' title='bbox 943 3007 1001 3038; x_wconf 80' lang='lat' dir='ltr'><strong>cs,</strong></span> <span class='ocrx_word' id='word_1_614' title='bbox 1031 3006 1188 3042; x_wconf 84' lang='lat' dir='ltr'><strong>eompa-</strong></span> 
     </span>
     <span class='ocr_line' id='line_1_86' title="bbox 198 3055 1189 3105; baseline -0.005 -13"><span class='ocrx_word' id='word_1_615' title='bbox 198 3065 276 3092; x_wconf 86' lang='lat' dir='ltr'><strong>tcre</strong></span> <span class='ocrx_word' id='word_1_616' title='bbox 293 3056 406 3105; x_wconf 86' lang='lat' dir='ltr'><strong>capiti</strong></span> <span class='ocrx_word' id='word_1_617' title='bbox 430 3063 506 3091; x_wconf 89' lang='lat' dir='ltr'><strong>tuo.</strong></span> <span class='ocrx_word' id='word_1_618' title='bbox 526 3056 562 3092; x_wconf 78' lang='lat' dir='ltr'><strong>Si</strong></span> <span class='ocrx_word' id='word_1_619' title='bbox 588 3056 700 3091; x_wconf 78' lang='lat' dir='ltr'><strong>l&#39;rater</strong></span> <span class='ocrx_word' id='word_1_620' title='bbox 715 3055 850 3092; x_wconf 84' lang='lat' dir='ltr'><strong>Christi</strong></span> <span class='ocrx_word' id='word_1_621' title='bbox 873 3067 911 3090; x_wconf 88' lang='lat' dir='ltr'><strong>cs</strong></span> <span class='ocrx_word' id='word_1_622' title='bbox 926 3082 935 3099; x_wconf 92' lang='lat'><strong>,</strong></span> <span class='ocrx_word' id='word_1_623' title='bbox 954 3065 1189 3089; x_wconf 80' lang='lat' dir='ltr'><strong>commorere</strong></span> 
     </span>
     <span class='ocr_line' id='line_1_87' title="bbox 199 3113 1188 3165; baseline -0.004 -13"><span class='ocrx_word' id='word_1_624' title='bbox 199 3117 303 3152; x_wconf 86' lang='lat' dir='ltr'><strong>fratri</strong></span> <span class='ocrx_word' id='word_1_625' title='bbox 327 3125 404 3153; x_wconf 85' lang='lat' dir='ltr'><strong>tuo.</strong></span> <span class='ocrx_word' id='word_1_626' title='bbox 426 3117 579 3165; x_wconf 79' lang='lat' dir='ltr'><strong>Plangc,</strong></span> <span class='ocrx_word' id='word_1_627' title='bbox 595 3116 681 3152; x_wconf 87' lang='lat' dir='ltr'><strong>dole</strong></span> <span class='ocrx_word' id='word_1_628' title='bbox 699 3129 783 3152; x_wconf 90' lang='lat' dir='ltr'><strong>cum</strong></span> <span class='ocrx_word' id='word_1_629' title='bbox 802 3115 940 3164; x_wconf 72' lang='lat' dir='ltr'><strong>gemitu</strong></span> <span class='ocrx_word' id='word_1_630' title='bbox 964 3122 999 3150; x_wconf 88' lang='lat' dir='ltr'><strong>et</strong></span> <span class='ocrx_word' id='word_1_631' title='bbox 1015 3113 1188 3160; x_wconf 69' lang='lat' dir='ltr'><strong>lacrymis</strong></span> 
     </span>
     <span class='ocr_line' id='line_1_88' title="bbox 197 3172 1186 3225; baseline -0.006 -13"><span class='ocrx_word' id='word_1_632' title='bbox 197 3189 312 3225; x_wconf 86' lang='lat' dir='ltr'><strong>super</strong></span> <span class='ocrx_word' id='word_1_633' title='bbox 344 3184 504 3212; x_wconf 90' lang='lat' dir='ltr'><strong>mortem</strong></span> <span class='ocrx_word' id='word_1_634' title='bbox 533 3176 734 3225; x_wconf 81' lang='lat' dir='ltr'><strong>pretiosam</strong></span> <span class='ocrx_word' id='word_1_635' title='bbox 754 3174 945 3224; x_wconf 79' lang='lat' dir='ltr'><strong>Unigeniti</strong></span> <span class='ocrx_word' id='word_1_636' title='bbox 967 3172 1032 3209; x_wconf 83' lang='lat' dir='ltr'><strong>Dei</strong></span> <span class='ocrx_word' id='word_1_637' title='bbox 1057 3172 1186 3208; x_wconf 82' lang='lat' dir='ltr'><strong>Patris.</strong></span> 
     </span>
    </p>
   </div>
   <div class='ocr_carea' id='block_1_14' title="bbox 199 3309 924 3398">
    <p class='ocr_par' dir='ltr' id='par_1_15' title="bbox 199 3309 924 3398">
     <span class='ocr_line' id='line_1_89' title="bbox 249 3309 924 3345; baseline -0.001 -7"><span class='ocrx_word' id='word_1_638' title='bbox 249 3314 255 3328; x_wconf 88' lang='lat'>¹</span> <span class='ocrx_word' id='word_1_639' title='bbox 280 3312 352 3339; x_wconf 70' lang='lat' dir='ltr'><strong>Luc.</strong></span> <span class='ocrx_word' id='word_1_640' title='bbox 370 3320 439 3338; x_wconf 78' lang='lat' dir='ltr'><strong>xxii</strong></span> <span class='ocrx_word' id='word_1_641' title='bbox 455 3333 462 3345; x_wconf 85' lang='lat'><strong>,</strong></span> <span class='ocrx_word' id='word_1_642' title='bbox 487 3312 538 3340; x_wconf 79' lang='lat'><strong>19.</strong></span> <span class='ocrx_word' id='word_1_643' title='bbox 560 3327 602 3331; x_wconf 77' lang='lat'><strong>——</strong></span> <span class='ocrx_word' id='word_1_644' title='bbox 630 3315 640 3330; x_wconf 72' lang='lat'>²</span> <span class='ocrx_word' id='word_1_645' title='bbox 662 3309 738 3340; x_wconf 80' lang='lat' dir='ltr'><strong>Psal.</strong></span> <span class='ocrx_word' id='word_1_646' title='bbox 762 3319 873 3343; x_wconf 64' lang='grc' dir='ltr'><strong>(κων,</strong></span> <span class='ocrx_word' id='word_1_647' title='bbox 899 3324 924 3337; x_wconf 62' lang='grc' dir='ltr'><strong>ι.</strong></span> 
     </span>
     <span class='ocr_line' id='line_1_90' title="bbox 199 3359 472 3398; baseline -0.007 -6"><span class='ocrx_word' id='word_1_648' title='bbox 199 3359 214 3382; x_wconf 74' lang='lat'><strong>⁶</strong></span> <span class='ocrx_word' id='word_1_649' title='bbox 233 3361 311 3392; x_wconf 61' lang='lat' dir='ltr'><strong>l‘sal.</strong></span> <span class='ocrx_word' id='word_1_650' title='bbox 331 3372 418 3398; x_wconf 60' lang='lat' dir='ltr'><strong>nav,</strong></span> <span class='ocrx_word' id='word_1_651' title='bbox 441 3364 472 3390; x_wconf 71' lang='lat'><strong>3.</strong></span> 
     </span>
    </p>
   </div>
   <div class='ocr_carea' id='block_1_15' title="bbox 950 3304 1314 3339">
    <p class='ocr_par' dir='ltr' id='par_1_16' title="bbox 950 3304 1314 3339">
     <span class='ocr_line' id='line_1_91' title="bbox 950 3304 1314 3339; baseline -0.008 -2"><span class='ocrx_word' id='word_1_652' title='bbox 950 3325 986 3329; x_wconf 42' lang='lat'><strong>⁴-—</strong></span> <span class='ocrx_word' id='word_1_653' title='bbox 1014 3304 1026 3326; x_wconf 66' lang='grc'><em>3</em></span> <span class='ocrx_word' id='word_1_654' title='bbox 1056 3305 1125 3336; x_wconf 49' lang='lat' dir='ltr'><strong>isa&amp;</strong></span> <span class='ocrx_word' id='word_1_655' title='bbox 1151 3316 1264 3339; x_wconf 75' lang='lat' dir='ltr'><strong>xxvii,</strong></span> <span class='ocrx_word' id='word_1_656' title='bbox 1289 3307 1314 3334; x_wconf 92' lang='grc'>1.</span> 
     </span>
    </p>
   </div>
   <div class='ocr_carea' id='block_1_16' title="bbox 1255 2691 2254 3221">
    <p class='ocr_par' dir='ltr' id='par_1_17' title="bbox 1255 2691 2254 3221">
     <span class='ocr_line' id='line_1_92' title="bbox 1259 2691 2254 2741; baseline -0.001 -9"><span class='ocrx_word' id='word_1_657' title='bbox 1259 2697 1427 2740; x_wconf 86' lang='lat' dir='ltr'><strong>nomine,</strong></span> <span class='ocrx_word' id='word_1_658' title='bbox 1447 2694 1615 2730; x_wconf 83' lang='lat' dir='ltr'><strong>duleisin</strong></span> <span class='ocrx_word' id='word_1_659' title='bbox 1648 2705 1783 2741; x_wconf 85' lang='lat' dir='ltr'><strong>opere,</strong></span> <span class='ocrx_word' id='word_1_660' title='bbox 1811 2691 1959 2727; x_wconf 83' lang='lat' dir='ltr'><strong>dulcior</strong></span> <span class='ocrx_word' id='word_1_661' title='bbox 1986 2694 2180 2741; x_wconf 83' lang='lat' dir='ltr'><strong>apparebit</strong></span> <span class='ocrx_word' id='word_1_662' title='bbox 2218 2695 2254 2731; x_wconf 87' lang='lat' dir='ltr'><strong>in</strong></span> 
     </span>
     <span class='ocr_line' id='line_1_93' title="bbox 1259 2751 2254 2801; baseline -0.004 -8"><span class='ocrx_word' id='word_1_663' title='bbox 1259 2755 1416 2793; x_wconf 79' lang='lat' dir='ltr'><strong>Deitatis</strong></span> <span class='ocrx_word' id='word_1_664' title='bbox 1430 2754 1587 2790; x_wconf 74' lang='lat' dir='ltr'><strong>visione.</strong></span> <span class='ocrx_word' id='word_1_665' title='bbox 1609 2756 1705 2788; x_wconf 60' lang='lat' dir='ltr'><strong>Vere</strong></span> <span class='ocrx_word' id='word_1_666' title='bbox 1733 2751 1852 2787; x_wconf 80' lang='lat' dir='ltr'><strong>dulcis</strong></span> <span class='ocrx_word' id='word_1_667' title='bbox 1870 2751 1905 2786; x_wconf 88' lang='lat' dir='ltr'><strong>in</strong></span> <span class='ocrx_word' id='word_1_668' title='bbox 1936 2764 2052 2794; x_wconf 67' lang='lat' dir='ltr'><strong>voce,</strong></span> <span class='ocrx_word' id='word_1_669' title='bbox 2081 2752 2126 2788; x_wconf 87' lang='lat' dir='ltr'><strong>de</strong></span> <span class='ocrx_word' id='word_1_670' title='bbox 2147 2753 2254 2801; x_wconf 75' lang='lat' dir='ltr'><strong>cujus</strong></span> 
     </span>
     <span class='ocr_line' id='line_1_94' title="bbox 1255 2810 2252 2860; baseline -0.003 -9"><span class='ocrx_word' id='word_1_671' title='bbox 1255 2828 1320 2851; x_wconf 86' lang='lat' dir='ltr'><strong>ore</strong></span> <span class='ocrx_word' id='word_1_672' title='bbox 1347 2816 1401 2850; x_wconf 86' lang='lat' dir='ltr'><strong>lae</strong></span> <span class='ocrx_word' id='word_1_673' title='bbox 1421 2822 1457 2849; x_wconf 90' lang='lat' dir='ltr'><strong>et</strong></span> <span class='ocrx_word' id='word_1_674' title='bbox 1478 2812 1549 2848; x_wconf 93' lang='lat' dir='ltr'><strong>mel</strong></span> <span class='ocrx_word' id='word_1_675' title='bbox 1569 2810 1752 2860; x_wconf 85' lang='lat' dir='ltr'><strong>procedit.</strong></span> <span class='ocrx_word' id='word_1_676' title='bbox 1776 2810 1919 2845; x_wconf 65' lang='lat' dir='ltr'><strong>Ditl&#39;usa</strong></span> <span class='ocrx_word' id='word_1_677' title='bbox 1937 2818 1990 2845; x_wconf 82' lang='lat' dir='ltr'><strong>est</strong></span> <span class='ocrx_word' id='word_1_678' title='bbox 2008 2811 2107 2845; x_wconf 86' lang='lat' dir='ltr'><strong>euim</strong></span> <span class='ocrx_word' id='word_1_679' title='bbox 2136 2814 2252 2859; x_wconf 68' lang='lat' dir='ltr'><strong>gralia</strong></span> 
     </span>
     <span class='ocr_line' id='line_1_95' title="bbox 1256 2869 2253 2918; baseline -0.004 -7"><span class='ocrx_word' id='word_1_680' title='bbox 1256 2875 1292 2911; x_wconf 88' lang='lat' dir='ltr'><strong>in</strong></span> <span class='ocrx_word' id='word_1_681' title='bbox 1330 2873 1435 2910; x_wconf 83' lang='lat' dir='ltr'><strong>labiis</strong></span> <span class='ocrx_word' id='word_1_682' title='bbox 1465 2872 1551 2908; x_wconf 80' lang='lat' dir='ltr'><strong>suis.</strong></span> <span class='ocrx_word' id='word_1_683' title='bbox 1574 2874 1669 2907; x_wconf 80' lang='lat' dir='ltr'><strong>Vere</strong></span> <span class='ocrx_word' id='word_1_684' title='bbox 1704 2869 1822 2906; x_wconf 80' lang='lat' dir='ltr'><strong>dulcis</strong></span> <span class='ocrx_word' id='word_1_685' title='bbox 1850 2869 1884 2903; x_wconf 84' lang='lat' dir='ltr'><strong>in</strong></span> <span class='ocrx_word' id='word_1_686' title='bbox 1921 2869 2030 2913; x_wconf 79' lang='lat' dir='ltr'><strong>l&#39;acie,</strong></span> <span class='ocrx_word' id='word_1_687' title='bbox 2062 2872 2253 2918; x_wconf 71' lang='lat' dir='ltr'><strong>speciosus</strong></span> 
     </span>
     <span class='ocr_line' id='line_1_96' title="bbox 1255 2928 2252 2978; baseline -0.003 -8"><span class='ocrx_word' id='word_1_688' title='bbox 1255 2935 1354 2970; x_wconf 87' lang='lat' dir='ltr'><strong>enim</strong></span> <span class='ocrx_word' id='word_1_689' title='bbox 1383 2942 1438 2969; x_wconf 86' lang='lat' dir='ltr'><strong>est</strong></span> <span class='ocrx_word' id='word_1_690' title='bbox 1471 2944 1547 2968; x_wconf 88' lang='lat' dir='ltr'><strong>non</strong></span> <span class='ocrx_word' id='word_1_691' title='bbox 1575 2931 1697 2967; x_wconf 84' lang='lat' dir='ltr'><strong>solum</strong></span> <span class='ocrx_word' id='word_1_692' title='bbox 1726 2943 1802 2978; x_wconf 72' lang='lat' dir='ltr'><strong>pra:</strong></span> <span class='ocrx_word' id='word_1_693' title='bbox 1824 2929 1907 2964; x_wconf 87' lang='lat' dir='ltr'><strong>liliis</strong></span> <span class='ocrx_word' id='word_1_694' title='bbox 1928 2928 2121 2965; x_wconf 85' lang='lat' dir='ltr'><strong>hominum</strong></span> <span class='ocrx_word' id='word_1_695' title='bbox 2140 2934 2167 2971; x_wconf 81' lang='lat'><strong>‘&#39;,</strong></span> <span class='ocrx_word' id='word_1_696' title='bbox 2188 2932 2252 2967; x_wconf 72' lang='lat' dir='ltr'><strong>sed</strong></span> 
     </span>
     <span class='ocr_line' id='line_1_97' title="bbox 1256 2989 2253 3043; baseline -0.006 -13"><span class='ocrx_word' id='word_1_697' title='bbox 1256 2994 1366 3030; x_wconf 86' lang='lat' dir='ltr'><strong>etiam</strong></span> <span class='ocrx_word' id='word_1_698' title='bbox 1387 3007 1463 3043; x_wconf 66' lang='lat' dir='ltr'><strong>pra}</strong></span> <span class='ocrx_word' id='word_1_699' title='bbox 1485 2990 1648 3028; x_wconf 78' lang='lat' dir='ltr'><strong>millibus</strong></span> <span class='ocrx_word' id='word_1_700' title='bbox 1669 2989 1914 3039; x_wconf 75' lang='lat' dir='ltr'><strong>Angelorum.</strong></span> <span class='ocrx_word' id='word_1_701' title='bbox 1932 2992 2027 3024; x_wconf 64' lang='lat' dir='ltr'><strong>Yere</strong></span> <span class='ocrx_word' id='word_1_702' title='bbox 2055 2989 2174 3025; x_wconf 75' lang='lat' dir='ltr'><strong>‹luleis</strong></span> <span class='ocrx_word' id='word_1_703' title='bbox 2199 3002 2253 3027; x_wconf 69' lang='lat' dir='ltr'><strong>esi</strong></span> 
     </span>
     <span class='ocr_line' id='line_1_98' title="bbox 1256 3049 2250 3093; baseline -0.003 -4"><span class='ocrx_word' id='word_1_704' title='bbox 1256 3054 1292 3089; x_wconf 88' lang='lat' dir='ltr'><strong>in</strong></span> <span class='ocrx_word' id='word_1_705' title='bbox 1315 3053 1479 3089; x_wconf 80' lang='lat' dir='ltr'><strong>nomine.</strong></span> <span class='ocrx_word' id='word_1_706' title='bbox 1505 3051 1620 3087; x_wconf 80' lang='lat' dir='ltr'><strong>Dulce</strong></span> <span class='ocrx_word' id='word_1_707' title='bbox 1645 3049 1744 3084; x_wconf 84' lang='lat' dir='ltr'><strong>enim</strong></span> <span class='ocrx_word' id='word_1_708' title='bbox 1771 3061 1907 3083; x_wconf 84' lang='lat' dir='ltr'><strong>nomen</strong></span> <span class='ocrx_word' id='word_1_709' title='bbox 1935 3056 1970 3083; x_wconf 82' lang='lat' dir='ltr'><strong>et</strong></span> <span class='ocrx_word' id='word_1_710' title='bbox 1995 3061 2108 3085; x_wconf 73' lang='lat' dir='ltr'><strong>suave</strong></span> <span class='ocrx_word' id='word_1_711' title='bbox 2129 3054 2250 3093; x_wconf 68' lang='lat' dir='ltr'><strong>jesus,</strong></span> 
     </span>
     <span class='ocr_line' id='line_1_99' title="bbox 1255 3107 2253 3156; baseline -0.005 -8"><span class='ocrx_word' id='word_1_712' title='bbox 1255 3120 1516 3148; x_wconf 75' lang='lat' dir='ltr'><strong>consecratum</strong></span> <span class='ocrx_word' id='word_1_713' title='bbox 1548 3109 1594 3145; x_wconf 86' lang='lat' dir='ltr'><strong>al)</strong></span> <span class='ocrx_word' id='word_1_714' title='bbox 1628 3117 1792 3149; x_wconf 67' lang='lat' dir='ltr'><strong>artemio,</strong></span> <span class='ocrx_word' id='word_1_715' title='bbox 1822 3107 2033 3143; x_wconf 85' lang='lat' dir='ltr'><strong>nuntiatum</strong></span> <span class='ocrx_word' id='word_1_716' title='bbox 2064 3107 2110 3143; x_wconf 77' lang='lat' dir='ltr'><strong>ali</strong></span> <span class='ocrx_word' id='word_1_717' title='bbox 2138 3123 2253 3156; x_wconf 59' lang='lat' dir='ltr'><strong>ange-</strong></span> 
     </span>
     <span class='ocr_line' id='line_1_100' title="bbox 1256 3167 2250 3221; baseline -0.005 -14"><span class='ocrx_word' id='word_1_718' title='bbox 1256 3173 1310 3217; x_wconf 85' lang='lat' dir='ltr'><strong>lo,</strong></span> <span class='ocrx_word' id='word_1_719' title='bbox 1336 3171 1605 3221; x_wconf 81' lang='lat' dir='ltr'><strong>prophetatum</strong></span> <span class='ocrx_word' id='word_1_720' title='bbox 1636 3167 1845 3205; x_wconf 73' lang='lat' dir='ltr'><strong>Salomonis</strong></span> <span class='ocrx_word' id='word_1_721' title='bbox 1874 3167 2029 3202; x_wconf 61' lang='lat' dir='ltr'><strong>‹wasuh›</strong></span> <span class='ocrx_word' id='word_1_722' title='bbox 2048 3195 2055 3207; x_wconf 77' lang='grc'>,</span> <span class='ocrx_word' id='word_1_723' title='bbox 2087 3169 2149 3215; x_wconf 84' lang='lat' dir='ltr'><strong>qui</strong></span> <span class='ocrx_word' id='word_1_724' title='bbox 2174 3169 2219 3204; x_wconf 74' lang='lat' dir='ltr'><strong>ait</strong></span> <span class='ocrx_word' id='word_1_725' title='bbox 2245 3185 2250 3204; x_wconf 92' lang='lat'>:</span> 
     </span>
    </p>
   </div>
   <div class='ocr_carea' id='block_1_17' title="bbox 1343 3297 2239 3337">
    <p class='ocr_par' dir='ltr' id='par_1_18' title="bbox 1343 3297 2239 3337">
     <span class='ocr_line' id='line_1_101' title="bbox 1343 3297 2239 3337; baseline 0.002 -12"><span class='ocrx_word' id='word_1_726' title='bbox 1343 3322 1381 3325; x_wconf 66' lang='grc'><strong>,-.</strong></span> <span class='ocrx_word' id='word_1_727' title='bbox 1406 3302 1419 3328; x_wconf 64' lang='grc' dir='ltr'><strong>»ἱ</strong></span> <span class='ocrx_word' id='word_1_728' title='bbox 1445 3300 1536 3333; x_wconf 64' lang='lat' dir='ltr'><strong>lici-li.</strong></span> <span class='ocrx_word' id='word_1_729' title='bbox 1562 3312 1602 3337; x_wconf 80' lang='grc'><strong>1,,</strong></span> <span class='ocrx_word' id='word_1_730' title='bbox 1624 3303 1654 3330; x_wconf 76' lang='grc'><strong>8.</strong></span> <span class='ocrx_word' id='word_1_731' title='bbox 1678 3317 1718 3322; x_wconf 44' lang='grc' dir='ltr'><strong>μα</strong></span> <span class='ocrx_word' id='word_1_732' title='bbox 1741 3297 1754 3320; x_wconf 76' lang='lat'>5</span> <span class='ocrx_word' id='word_1_733' title='bbox 1775 3298 1870 3329; x_wconf 73' lang='lat' dir='ltr'><strong>Fxod.</strong></span> <span class='ocrx_word' id='word_1_734' title='bbox 1896 3309 2002 3326; x_wconf 60' lang='lat' dir='ltr'><strong>xxxiii</strong></span> <span class='ocrx_word' id='word_1_735' title='bbox 2020 3321 2026 3329; x_wconf 80' lang='lat'><em>.</em></span> <span class='ocrx_word' id='word_1_736' title='bbox 2053 3301 2110 3331; x_wconf 65' lang='lat'><strong>143.</strong></span> <span class='ocrx_word' id='word_1_737' title='bbox 2142 3302 2191 3329; x_wconf 65' lang='lat' dir='ltr'><strong>ts,</strong></span> <span class='ocrx_word' id='word_1_738' title='bbox 2235 3319 2239 3321; x_wconf 58' lang='lat'><strong>&gt;</strong></span> 
     </span>
    </p>
   </div>
  </div>
 </body>
</html>
