2504 3928
360 204 370 239 1
390 206 452 239 1.”)1
1119 202 1327 237 AELREDI
1358 203 1640 237 ‘l'RAC'l'A'l‘US
2303 203 2399 239 1152

348 281 473 316 dicum
490 307 499 318 ,
524 277 730 314 ineffabiles
748 276 953 325 praesentia:
974 275 1055 324 ejus
1075 275 1226 313 delicias
1242 291 1335 326 que·
1347 276 1475 325 ¹¹¹¹⁰per
1501 277 1570 311 boc
1592 274 1823 311 beatitudine
1844 275 1968 311 minor
1987 283 2075 311 tunc
2102 277 2211 313 fuisse
2233 280 2396 315 veracis-

348 338 500 373 rebaris.
534 341 622 373 'fam
657 337 756 371 enim
789 335 907 370 dulcis
934 344 988 370 est
1021 336 1201 372 Dominus
1229 341 1336 373 ,lesus
1359 336 1383 367 Α
1404 336 1494 370 sime
1529 334 1765 383 pi·;r‹lic‹·tiir.
1788 337 1842 370 Do
1873 334 2007 370 borum
2032 337 2224 372 sententiis
2254 336 2399 385 judicet

347 394 582 440 gustantibus
614 406 697 428 eum
719 420 727 434 ,
766 400 837 427 tam
870 393 1062 440 speciosus
1094 393 1310 430 videntibus
1325 422 1333 437 ,

349 463 419 488 tam
445 453 568 488 suavis
592 451 924 501 amplectentilms;
949 460 985 487 ut
1014 451 1136 488 brevis
1164 452 1244 500 ejus
1267 453 1334 488 ab—

346 513 487 553 sentia,
512 512 671 547 maxima
694 511 837 546 doloris
859 511 1010 546 materia
1029 512 1085 547 sit.

397 572 433 604 9.
475 572 579 614 Quid
594 579 646 604 cst
661 571 763 616 qum!
776 583 833 604 rm·
850 569 1100 617 ‹siccet-clunis?
1116 570 1334 605 nesciebatis

343 634 435 676 quia
456 634 492 664 in
511 631 565 664 lule
582 644 667 676 quw
684 631 807 663 Patris
822 633 894 663 mci
907 638 991 663 sunt
1006 639 1143 677 oporte!
1159 644 1215 664 me·
1233 631 1335 664 (aare.)

342 692 422 724 Jain
442 689 498 724 bic
520 689 726 724 cwlcstium
748 688 1013 735 mysteriorum
1029 717 1038 732 ,
1057 689 1091 723 in
1114 688 1251 736 quibus
1269 701 1336 737 per

343 747 507 783 triduum
532 748 648 783 fuerat
670 746 915 782 obversatusn
943 747 1071 796 incipit
1092 761 1257 783 reserare
1277 761 1334 783 se-

342 815 497 842 cretum.
519 810 567 843 t't
587 806 807 842 humilitatis
825 814 860 842 ct
883 805 1129 849 obedientia‘,
1149 808 1333 856 simulque

341 866 506 914 propria‘
550 866 752 901 voluntatis
788 865 1003 901 deserenda·
1021 893 1028 908 ‚
1068 866 1333 914 seniorumque

341 925 557 973 prmecpsss,
585 925 695 960 etiam
718 923 871 959 utilibus
893 925 1169 972 pra-termissis,
1191 924 1334 960 obtem-

341 983 497 1032 perandi
515 983 727 1032 expressius
743 991 779 1018 et
794 983 1036 1018 excellentius
1053 983 1333 1019 commendaret

1402 394 1561 442 quisque
1585 401 1626 428 ut
1646 393 1759 427 volet.
1784 393 1872 428 Mibi
1894 393 2027 428 suflicit
2047 394 2140 429 scire
2161 402 2198 429 et
2218 396 2371 431 credere
2385 425 2394 439 ,

1405 453 1608 488 Dominum
1624 455 1750 487 Jesum
1764 480 1773 496 ,
1792 465 1836 486 ex
1853 464 1929 499 quo
1945 465 2029 487 cuni
2052 455 2131 488 Deo
2153 452 2189 488 in
2213 466 2322 489 unam
2341 463 2395 490 est

1401 519 1614 559 assumptus
1638 523 1857 559 personam,
1881 511 2087 559 perfectum
2110 511 2220 547 fuisse
2249 516 2392 556 Dcum;

1400 584 1441 605 ac
1479 583 1546 618 per
1582 569 1651 604 boc
1681 569 1884 618 perfectam
1919 569 2160 617 sapientiam,
2191 571 2392 619 perfectam

1396 628 1597 676 justitiam,
1632 628 1831 677 perfectam
1868 626 2158 673 beatitudinem,
2192 630 2391 677 perfectam

1402 687 1556 735 insuper
1584 686 1694 721 fuisse
1719 694 1755 720 et
1786 698 1865 721 esse
1898 686 2074 721 virtutem
2107 701 2114 721 :
2146 695 2182 721 et
2207 686 2391 735 quidquid

1401 745 1446 780 dc
1469 749 1545 781 Deo
1576 744 1783 780 secundnm
1815 744 2059 780 substantiam
2089 745 2160 780 dici
2184 753 2323 793 potest,
2347 746 2393 781 dc

1400 804 1546 841 Clu-isto
1575 804 1740 852 potuisse
1762 803 1852 848 diei,
1875 804 1985 839 etiam
2007 817 2089 840 cum
2113 805 2148 840 in
2168 813 2276 840 utero
2297 815 2392 841 esset

1400 864 1548 907 Matris,
1569 876 1642 898 non
1662 862 1822 910 ambigo.
1845 866 1918 899 Nec
1939 863 2024 899 idco
2043 871 2129 899 ante
2151 865 2389 899 resurreetio—

1400 936 1505 966 nem,
1541 931 1604 957 aut
1634 922 1896 957 mortalitatem
1929 922 1980 966 ei,
2013 929 2076 957 aut
2109 921 2388 970 passibilitatem

1399 981 1641 1029 abrogannus3
1658 994 1741 1016 eum
1758 994 1842 1016 euni
1861 994 1934 1016 non
1954 981 2203 1029 phantastice,
2221 981 2284 1016 sed
2303 994 2391 1017 vere

340 1042 578 1090 exemplunm
603 1055 686 1077 cum
712 1042 766 1077 bis
787 1041 1030 1085 sublimibus,
1053 1050 1125 1077 tam
1154 1041 1329 1085 utilibus,
1350 1041 1377 1075 B
1398 1041 1586 1076 bominem
1615 1054 1693 1076 esse
1718 1042 1979 1084 conliteamur,
2003 1048 2039 1076 et
2070 1053 2194 1075 veram
2228 1040 2390 1077 bominis

341 1108 413 1134 tam
448 1100 609 1148 denique
642 1101 858 1136 necessariis
887 1101 1169 1149 pra‘termissis‚
1204 1100 1331 1136 senio-

341 1171 422 1194 rum
446 1172 483 1194 sc
502 1158 627 1195 subdit
645 1159 852 1204 voluntati,
871 1168 910 1195 ut
932 1160 981 1195 ait
1002 1160 1236 1207 Evangelista
1256 1174 1262 1195 :
1283 1161 1332 1193 lie

339 1219 527 1252 descendit
543 1231 622 1252 cum
642 1223 708 1259 eis,
726 1227 760 1252 el
775 1227 854 1252 crat
868 1218 1034 1252 subditus
1051 1221 1135 1252 illis.
1153 1217 1223 1253 Sed
1239 1217 1329 1266 quid

339 1284 392 1311 cst
417 1277 518 1323 quod
541 1277 589 1312 ait
616 1277 870 1324 Evangelista,
891 1276 1028 1311 scilieet
1047 1275 1148 1323 quod
1171 1280 1241 1323 ipsi
1257 1289 1329 1309 mm

338 1338 599 1369 irztelltzrermzt
626 1335 774 1369 verbnm
796 1337 897 1382 quod
914 1337 1049 1368 locutus
1069 1332 1226 1379 ficerat?
1246 1337 1328 1369 Non

337 1392 406 1427 boc.
427 1393 473 1428 de
494 1394 607 1428 Maria
628 1393 767 1428 dietum
787 1393 971 1437 arbitror,
991 1405 1074 1440 quae
1095 1405 1140 1427 cx
1158 1405 1234 1440 quo
1249 1391 1327 1439 Spi-

338 1451 430 1486 ritus
458 1459 608 1486 sanctus
638 1451 859 1499 supervenit
887 1451 922 1485 in
954 1463 1054 1494 cam,
1085 1458 1121 1485 et
1149 1450 1181 1485 ci
1210 1450 1328 1485 virtus

341 1509 518 1545 Altissimi
552 1508 813 1553 obumbravit,
836 1510 980 1545 nullum
1014 1509 1093 1546 Filii
1120 1509 1176 1544 sui
1206 1508 1329 1557 potuit

336 1568 479 1603 nescire
508 1568 726 1612 eonsilium3
750 1567 813 1604 sed
847 1567 1101 1604 nescientibus
1138 1567 1216 1603 sive
1251 1579 1327 1602 non

335 1626 629 1674 intelligentibus
660 1626 761 1675 quod
794 1626 952 1672 dixerit,
976 1627 1116 1671 Maria,
1138 1634 1179 1662 ut
1207 1627 1328 1663 sciens

335 1693 371 1720 et
401 1685 629 1733 intelligens,
661 1686 897 1721 conservalmt
926 1690 1050 1721 (mmia
1080 1685 1195 1721 verba
1230 1687 1324 1729 lewe,

335 1743 525 1791 conferens
553 1750 590 1779 in
621 1747 728 1780 corde
754 1759 831 1780 sno.
849 1745 1031 1781 Memoria
1054 1744 1324 1790 conservabat,

1399 1099 1571 1135 babuisse
1586 1109 1776 1144 naturam,
1794 1100 1829 1135 in
1847 1112 1920 1147 qua
1935 1099 2058 1148 potuit
2073 1099 2255 1147 prolicere
2269 1107 2387 1135 aetate.

1395 1162 1530 1195 [rtrum
1564 1168 1687 1195 autem
1719 1159 1919 1208 sapientia,
1952 1158 2021 1207 ipsi
2053 1158 2216 1193 viderint
2249 1158 2313 1206 qui
2342 1158 2388 1194 de

1396 1218 1612 1266 hujusmodi
1633 1218 1862 1255 contendere
1886 1226 2039 1254 norunt.

1452 1280 1510 1314 11.
1531 1281 1585 1313 Tu
1605 1286 1727 1314 autem
1744 1306 1753 1322 ,
1783 1278 1854 1321 lili,
1878 1290 1952 1313 non
1979 1277 2205 1326 qua-stiones
2228 1277 2386 1325 quaeris,

1395 1335 1458 1370 scd
1484 1335 1724 1371 devotionem
1749 1350 1755 1370 :
1777 1348 1844 1372 nee.
1867 1335 1966 1371 unde
1987 1335 2112 1384 lingua
2133 1343 2300 1380 acuatur,
2323 1335 2385 1370 sed

1395 1393 1496 1429 unde
1513 1395 1659 1429 animus
1673 1394 1870 1429 excitetur.
1888 1397 1932 1429 Et
1952 1402 2151 1442 propterea
2166 1394 2223 1430 bis
2239 1407 2322 1442 quae
2338 1394 2383 1429 ad

1393 1451 1585 1488 historiam
1620 1452 1809 1501 pertinent
1837 1452 1987 1487 interim
2023 1453 2300 1501 praetermissis‚
2336 1453 2382 1488 ad

1394 1510 1622 1559 spiritualem
1660 1511 1940 1559 intelligentiam
1973 1511 2262 1556 enucleandam,
2291 1512 2385 1547 sicut

1394 1569 1475 1618 ipse
1505 1569 1550 1605 de
1585 1583 1662 1618 quo
1698 1569 1890 1617 loquimur
1923 1569 2105 1618 inspirare
2140 1568 2381 1617 dignabitur,

1395 1636 1637 1664 transeamus.
1663 1628 1852 1664 Dominus
1870 1631 1970 1664 Deus
1995 1635 2144 1672 noster,
2166 1631 2266 1664 Deus
2286 1642 2384 1664 unus

1393 1695 1447 1723 est
1467 1702 1473 1722 :
1496 1701 1570 1724 non
1591 1696 1715 1736 potest
1731 1687 1888 1731 variari,
1907 1699 1983 1723 non
2004 1695 2127 1736 potest
2147 1688 2303 1733 mutari,
2321 1688 2382 1723 ‹ti-

1392 1755 1499 1783 cente
1521 1747 1665 1792 David,
1697 1748 1749 1782 Ίίι
1772 1760 1917 1794 semper
1936 1749 2032 1781 idem
2061 1761 2121 1790 es,
2150 1756 2185 1782 ct
2211 1753 2304 1783 anni
2330 1753 2383 1783 tui

334 1803 577 1840 meditatione
613 1803 849 1849 ruminabat,
885 1812 921 1840 et
951 1804 1028 1839 11ωο
1064 1817 1148 1839 cum
1183 1804 1325 1839 eaeteris
1345 1808 1372 1842 C
1391 1819 1464 1840 mm
1488 1808 1696 1853 deficient&
1719 1806 1787 1841 Hie
1808 1806 1919 1853 igitur
1938 1808 2038 1841 Deus
2055 1813 2181 1842 noster
2200 1814 2381 1853 aeternus,

332 1876 416 1911 (111εο
444 1863 490 1898 de
511 1875 555 1899 eo
584 1863 728 1899 viderat
745 1871 780 1898 et
802 1863 989 1908 audierat,
1015 1861 1243 1898 conferebat.
1271 1866 1326 1899 Ita

331 1920 543 1957 beatissima
561 1922 671 1970 Virgo
688 1921 797 1957 etiam
818 1930 905 1957 tunc
925 1920 1218 1957 misericorditer
1235 1934 1325 1970 pro-

330 1980 481 2016 videbat
502 1979 626 2023 nobis,
645 1993 691 2016 ne
708 1988 779 2015 tam
802 1979 924 2016 dulcia
938 2009 946 2024 ,
968 1988 1039 2015 tam
1055 1979 1234 2025 salubria,
1252 1988 1323 2015 tam

330 2039 538 2075 necessaria
555 2038 684 2083 verba,
706 2039 830 2087 aliqua
852 2039 1074 2087 negligentia
1093 2038 1321 2082 laberentur,

330 2106 367 2133 et
394 2106 551 2147 propter
578 2110 643 2142 ea,
669 2111 737 2133 nec
759 2097 1032 2143 scriberentur,
1056 2111 1124 2133 nec
1140 2097 1324 2146 praedica-

331 2165 482 2202 rentur,
504 2165 540 2193 et
560 2157 611 2192 sic
631 2170 809 2205 sequaces
828 2157 940 2206 hujus
958 2157 1162 2206 spiritualis
1179 2169 1324 2193 mannae

330 2216 469 2252 deliciis
503 2216 779 2252 fraiularentur.
809 2216 943 2253 Omnia
973 2216 1086 2263 igitur
1112 2216 1189 2251 baec
1209 2215 1324 2263 Virgo

331 2275 621 2323 prudentissima
644 2274 802 2310 fideliter
827 2274 1088 2318 conservavit,
1109 2274 1322 2310 verecunde

331 2335 464 2376 tacuit,
481 2342 697 2382 opportune
716 2333 905 2381 prodidit,
926 2341 963 2368 et
979 2334 1114 2369 sanctis
1132 2333 1323 2381 Apostolis

331 2400 367 2426 et
387 2392 580 2440 discipulis
601 2392 841 2440 praedicanda
861 2392 1057 2427 commisit.

387 2452 444 2487 10.
471 2454 525 2487 De
546 2451 601 2486 bis
621 2464 708 2486 vcro
728 2464 810 2499 quae
833 2458 1062 2498 sequuntur,
1081 2453 1187 2484 lesus
1201 2450 1320 2497 prffi-

329 2511 447 2545 ciebat
469 2519 592 2553 asstate,
615 2520 650 2546 ct
669 2512 864 2557 sapientia,
883 2520 916 2544 cl
933 2514 1056 2558 gratia
1077 2511 1183 2557 apud
1202 2512 1319 2544 Deum

1391 1864 1667 1914 intemporalis,
1692 1863 2029 1908 incommutabilis,
2053 1864 2090 1899 in
2118 1873 2243 1900 nostra
2266 1865 2382 1901 faetus

1391 1930 1445 1958 est
1461 1930 1593 1958 natura
1612 1921 1822 1966 mutabilis,
1841 1930 1878 1958 et
1899 1921 2138 1970 tcmp‹)ralis;
2158 1930 2197 1957 ut
2220 1922 2383 1959 mutabi-

1392 1980 1489 2016 libus
1505 1981 1550 2017 ad
1569 1994 1671 2017 suam
1693 1981 1937 2017 aeternitatem
1956 1988 1992 2015 et
2007 1979 2242 2016 stabilitatem
2256 2009 2265 2025 ,
2283 1981 2379 2017 viam

1392 2039 1529 2075 faceret
1546 2052 1627 2076 eam
1649 2053 1760 2088 quam
1780 2052 1848 2088 pro
1868 2039 1975 2074 nobis
2000 2040 2199 2088 assumpsit
2219 2040 2381 2076 mutabi-

1390 2098 1551 2143 litatcin3
1574 2107 1615 2134 ut
1635 2099 1670 2134 in
1693 2111 1769 2134 uno
1787 2098 1998 2146 eodemque
2017 2098 2208 2135 Salvatore
2226 2107 2356 2136 nostro
2370 2129 2379 2145 ,

1390 2166 1426 2194 et
1443 2158 1502 2194 via
1522 2167 1618 2194 esset
1639 2171 1712 2207 qua
1730 2158 2038 2202 ascenderemus,
2055 2165 2091 2193 et
2108 2157 2180 2193 vita
2202 2157 2247 2194 ad
2267 2171 2378 2207 quam

1389 2217 1624 2262 veniremus,
1642 2226 1678 2253 et
1695 2217 1833 2252 veritas
1852 2229 1924 2265 qua
1944 2216 2166 2260 frueremur,
2186 2216 2281 2252 sieut
2301 2217 2380 2266 ipse

1389 2275 1467 2311 ait:
1497 2277 1576 2323 Ego
1610 2289 1688 2310 sam
1723 2279 1808 2319 via,
1836 2280 1975 2310 verilas
2006 2284 2040 2309 et
2070 2279 2189 2310 vitm.
2224 2278 2380 2325 Magnus

1388 2333 1514 2381 itaque
1541 2334 1724 2369 Dominus
1745 2334 1781 2369 in
1810 2346 1875 2369 sua
1896 2342 2027 2369 natura
2053 2334 2271 2382 persistens,
2295 2347 2380 2383 par-

1389 2392 1497 2427 vulus
1526 2401 1635 2428 natus
1659 2400 1714 2428 est
1745 2392 1950 2427 secundum
1985 2405 2153 2437 carnem,
2185 2406 2252 2441 per
2279 2402 2379 2430 certa

1387 2457 1598 2498 temporum
1626 2451 1742 2499 spatia
1772 2450 1952 2499 profecit,
1971 2458 2008 2485 et
2030 2451 2147 2486 crevit
2171 2453 2377 2488 secundum

1386 2522 1534 2545 carnem
1549 2525 1558 2554 3
1575 2518 1614 2545 ut
1634 2523 1703 2545 nos
1731 2518 1854 2545 mente
1881 2510 2051 2559 parvuli,
2071 2511 2146 2546 imo
2168 2524 2263 2560 pene
2284 2512 2379 2548 nibi-

329 2579 363 2604 ee
391 2571 576 2611 lmmines;
604 2569 710 2604 multi
740 2569 858 2604 multa
888 2568 1085 2611 dixerunt,
1119 2575 1155 2603 et
1181 2567 1319 2604 diversi
1340 2573 1371 2606 D
1386 2567 1430 2611 li,
1451 2568 1691 2617 spiritualiter
1711 2581 1961 2611 nasceremur,
1982 2576 2018 2604 et
2040 2581 2108 2616 per
2129 2569 2376 2618 spiritualium

331 2628 477 2663 diversa
498 2628 663 2663 sentiunt
687 2642 693 2662 :
715 2628 760 2662 dc
782 2640 943 2675 quorum
964 2626 1157 2662 sententiis
1177 2638 1249 2661 non
1268 2635 1322 2661 est

329 2695 496 2722 nostrum
515 2685 694 2733 judicare.
720 2686 789 2721 Alii
820 2686 980 2720 animam
1003 2684 1156 2727 Cbristi,
1179 2697 1224 2719 ex
1245 2697 1321 2732 qno

328 2753 449 2781 creata
470 2753 523 2780 cst
543 2753 579 2779 et
598 2753 785 2793 assumpta
816 2745 851 2779 in
877 2747 1015 2788 Deum,
1034 2744 1214 2791 :equalem
1236 2757 1319 2779 cum

326 2808 407 2841 Deo
429 2804 648 2852 sapientiam
683 2803 855 2839 babuisse
883 2811 1076 2852 putarunt.
1111 2803 1183 2839 Alii
1215 2804 1320 2851 quasi

327 2872 533 2899 ereaturam
571 2863 738 2898 Creatori
772 2862 966 2910 adaequare
999 2862 1192 2903 timentes,
1225 2862 1321 2897 sicut

327 2931 453 2964 aetate,
495 2922 542 2957 ita
578 2930 614 2956 et
648 2921 830 2969 sapientia
867 2921 1068 2969 profecisse
1116 2920 1316 2964 dixerunt,

326 2981 549 3028 evangeliea*
570 2981 773 3015 innitentes
793 2980 1024 3023 auctoritati,
1046 2992 1129 3027 qum
1149 2979 1198 3015 ait
1224 2993 1231 3015 ε
1255 2980 1320 3014 Je-

326 3053 385 3073 sni
401 3048 521 3072 aulem
536 3038 752 3086 prqfiricbal
769 3048 897 3081 (Ναίν,
914 3042 1117 3085 saluimum,
1136 3047 1173 3073 et
1184 3042 1318 3084 gratia.

328 3100 400 3141 Nec
427 3097 583 3140 mirum,
609 3097 803 3143 inquiunt,
838 3097 866 3131 si
899 3097 1022 3132 minor
1043 3096 1189 3132 dicatur
1210 3097 1320 3133 fuisse

327 3156 528 3204 sapientia,
552 3168 634 3190 cum
659 3156 825 3190 mortalis
851 3164 961 3203 atque
985 3155 1187 3205 passibilis,
1209 3164 1320 3205 atque

378 3281 484 3311 ¹1³sat.
503 3293 532 3310 si
552 3305 558 3316 ,
586 3285 638 3312 28.
664 3299 701 3302 —
723 3287 733 3302 ²
752 3284 844 3311 Joan.
862 3292 930 3317 xiv,
949 3286 979 3310 6.

1388 2635 1537 2663 {etatum
1560 2627 1817 2664 distinctiones
1838 2639 2109 2672 cresceremus,
2126 2635 2162 2663 et
2182 2630 2378 2676 prolicere-

1389 2699 1483 2722 mus.
1514 2690 1568 2722 Ita
1594 2685 1674 2734 ejus
1707 2687 1897 2735 profectus
1922 2686 2150 2734 corporalis,
2172 2695 2300 2722 noster
2323 2695 2378 2723 est

1388 2745 1579 2793 profectus
1599 2745 1824 2794 spiritualis,
1844 2753 1880 2780 et
1897 2758 1960 2788 ea,
1979 2758 2061 2792 quae
2081 2744 2128 2780 ab
2148 2758 2192 2780 eo
2217 2745 2253 2781 in
2279 2759 2375 2782 cun-

1387 2803 1454 2838 etis
1485 2803 1656 2840 aetatibus
1688 2812 1769 2839 aeta
1795 2803 2080 2848 deseribuntur,
2108 2803 2145 2838 in
2174 2802 2283 2839 nobis
2310 2816 2377 2853 per

1386 2863 1552 2911 singulos
1583 2863 1815 2912 profectuum
1845 2861 1981 2910 gradus
2009 2862 2252 2910 spiritualiter
2279 2863 2335 2911 agi
2355 2876 2376 2898 a

1386 2920 1483 2957 bene
1500 2921 1785 2970 proficientibus
1802 2921 2024 2957 sentiuntur.
2043 2921 2095 2956 Sit
2113 2920 2225 2968 igitur
2244 2933 2377 2969 corpo-

1387 2981 1473 3016 ralis
1487 2980 1568 3028 ejus
1584 2981 1758 3017 nativitas
1778 2980 1982 3029 spiritualis
2000 2987 2136 3015 nostrae
2154 2980 2374 3025 nativitatis,

1386 3040 1422 3076 id
1443 3048 1497 3077 est
1520 3049 1656 3076 sanctae
1678 3040 1957 3083 conversionis,
1979 3039 2192 3087 exemplum
2216 3053 2222 3074 :
2247 3052 2373 3088 perse-

1386 3099 1486 3136 eutio
1499 3128 1507 3144 ,
1525 3112 1636 3148 quam
1656 3112 1784 3148 passus
1801 3106 1855 3133 051
1873 3097 1919 3133 ab
1938 3097 2087 3133 Herode
2100 3125 2108 3140 ‚
2129 3097 2245 3141 illius,
2262 3111 2373 3145 quam

1386 3158 1423 3193 in
1449 3157 1557 3193 initio
1582 3165 1718 3192 nostrae
1745 3155 2003 3192 conversionis
2025 3155 2251 3191 sustinemus
2276 3168 2295 3191 a
2314 3169 2374 3191 za-

1495 3285 1506 3298 ³
1526 3281 1611 3313 Alias
1625 3305 1631 3314 .
1657 3279 1844 3311 obser-colus.
