<?xml version="1.0" encoding="UTF-8"?>
<!DOCTYPE html PUBLIC "-//W3C//DTD XHTML 1.0 Transitional//EN"
    "http://www.w3.org/TR/xhtml1/DTD/xhtml1-transitional.dtd">
<html xmlns="http://www.w3.org/1999/xhtml" xml:lang="en" lang="en">
 <head>
  <title>
</title>
<meta http-equiv="Content-Type" content="text/html;charset=utf-8" />
  <meta name='ocr-system' content='tesseract 3.04.00' />
  <meta name='ocr-capabilities' content='ocr_page ocr_carea ocr_par ocr_line ocrx_word'/>
</head>
<body>
  <div class='ocr_page' id='page_1' title='image "./operaomniapostho05bern/operaomniapostho05bern_0439.png"; bbox 0 0 2418 3949; ppageno 0'>
   <div class='ocr_carea' id='block_1_1' title="bbox 503 216 1906 356">
    <p class='ocr_par' dir='ltr' id='par_1_1' title="bbox 503 216 1906 356">
     <span class='ocr_line' id='line_1_1' title="bbox 503 216 1906 356; baseline -0.006 0"><span class='ocrx_word' id='word_1_1' title='bbox 503 217 986 356; x_wconf 73' lang='lat' dir='ltr'>&#39;VITIS</span> <span class='ocrx_word' id='word_1_2' title='bbox 1085 216 1906 353; x_wconf 76' lang='lat' dir='ltr'>MYSTICA</span> 
     </span>
    </p>
   </div>
   <div class='ocr_carea' id='block_1_2' title="bbox 1153 477 1234 509">
    <p class='ocr_par' dir='ltr' id='par_1_2' title="bbox 1153 477 1234 509">
     <span class='ocr_line' id='line_1_2' title="bbox 1153 477 1234 509; baseline 0 -1"><span class='ocrx_word' id='word_1_3' title='bbox 1153 477 1234 509; x_wconf 83' lang='lat' dir='ltr'>SEU</span> 
     </span>
    </p>
   </div>
   <div class='ocr_carea' id='block_1_3' title="bbox 176 651 2220 743">
    <p class='ocr_par' dir='ltr' id='par_1_3' title="bbox 176 651 2220 743">
     <span class='ocr_line' id='line_1_3' title="bbox 176 651 2220 743; baseline -0.001 0"><span class='ocrx_word' id='word_1_4' title='bbox 176 652 870 743; x_wconf 85' lang='lat' dir='ltr'><strong>TRACTATUS</strong></span> <span class='ocrx_word' id='word_1_5' title='bbox 959 654 1100 737; x_wconf 91' lang='lat' dir='ltr'>DE</span> <span class='ocrx_word' id='word_1_6' title='bbox 1181 651 1734 740; x_wconf 80' lang='lat' dir='ltr'><strong>PASSIONE</strong></span> <span class='ocrx_word' id='word_1_7' title='bbox 1806 654 2220 743; x_wconf 86' lang='lat' dir='ltr'>DOMINI</span> 
     </span>
    </p>
   </div>
   <div class='ocr_carea' id='block_1_4' title="bbox 731 878 1642 938">
    <p class='ocr_par' dir='ltr' id='par_1_4' title="bbox 731 878 1642 938">
     <span class='ocr_line' id='line_1_4' title="bbox 731 878 1642 938; baseline 0 -12"><span class='ocrx_word' id='word_1_8' title='bbox 731 897 895 938; x_wconf 81' lang='lat' dir='ltr'>SUPER,</span> <span class='ocrx_word' id='word_1_9' title='bbox 933 879 1056 926; x_wconf 89' lang='lat' dir='ltr'>EGO</span> <span class='ocrx_word' id='word_1_10' title='bbox 1091 878 1217 924; x_wconf 84' lang='lat' dir='ltr'>SUM</span> <span class='ocrx_word' id='word_1_11' title='bbox 1253 878 1419 925; x_wconf 88' lang='lat' dir='ltr'>VITIS</span> <span class='ocrx_word' id='word_1_12' title='bbox 1456 879 1642 926; x_wconf 75' lang='lat' dir='ltr'><strong>VERA.</strong></span> 
     </span>
    </p>
   </div>
   <div class='ocr_carea' id='block_1_5' title="bbox 221 1221 2163 1342">
    <p class='ocr_par' dir='ltr' id='par_1_5' title="bbox 221 1221 2163 1342">
     <span class='ocr_line' id='line_1_5' title="bbox 221 1221 2163 1273; baseline -0.001 -10"><span class='ocrx_word' id='word_1_13' title='bbox 221 1226 293 1263; x_wconf 87' lang='lat' dir='ltr'>Hic</span> <span class='ocrx_word' id='word_1_14' title='bbox 322 1233 509 1263; x_wconf 86' lang='lat' dir='ltr'>tractatus</span> <span class='ocrx_word' id='word_1_15' title='bbox 530 1238 610 1263; x_wconf 90' lang='lat' dir='ltr'>non</span> <span class='ocrx_word' id='word_1_16' title='bbox 637 1232 694 1262; x_wconf 86' lang='lat' dir='ltr'>est</span> <span class='ocrx_word' id='word_1_17' title='bbox 717 1223 756 1262; x_wconf 92' lang='lat' dir='ltr'>S.</span> <span class='ocrx_word' id='word_1_18' title='bbox 781 1222 993 1270; x_wconf 80' lang='lat' dir='ltr'>Bernardi,</span> <span class='ocrx_word' id='word_1_19' title='bbox 1020 1222 1086 1261; x_wconf 87' lang='lat' dir='ltr'>sed</span> <span class='ocrx_word' id='word_1_20' title='bbox 1113 1222 1318 1273; x_wconf 84' lang='lat' dir='ltr'>cujusdam</span> <span class='ocrx_word' id='word_1_21' title='bbox 1346 1222 1506 1261; x_wconf 86' lang='lat' dir='ltr'>alterius</span> <span class='ocrx_word' id='word_1_22' title='bbox 1525 1223 1693 1260; x_wconf 87' lang='lat' dir='ltr'>auctoris</span> <span class='ocrx_word' id='word_1_23' title='bbox 1720 1222 1797 1273; x_wconf 88' lang='lat' dir='ltr'>pii,</span> <span class='ocrx_word' id='word_1_24' title='bbox 1829 1235 1901 1260; x_wconf 88' lang='lat' dir='ltr'>nec</span> <span class='ocrx_word' id='word_1_25' title='bbox 1925 1221 2163 1271; x_wconf 84' lang='lat' dir='ltr'>indocti‚nec</span> 
     </span>
     <span class='ocr_line' id='line_1_6' title="bbox 537 1287 1854 1342; baseline -0.002 -14"><span class='ocrx_word' id='word_1_26' title='bbox 537 1289 766 1342; x_wconf 79' lang='lat' dir='ltr'><strong>inelegantis</strong></span> <span class='ocrx_word' id='word_1_27' title='bbox 784 1289 889 1340; x_wconf 88' lang='lat' dir='ltr'>‚·qui</span> <span class='ocrx_word' id='word_1_28' title='bbox 919 1302 1059 1339; x_wconf 80' lang='lat' dir='ltr'>parvos</span> <span class='ocrx_word' id='word_1_29' title='bbox 1084 1302 1279 1327; x_wconf 82' lang='lat' dir='ltr'>sermones</span> <span class='ocrx_word' id='word_1_30' title='bbox 1305 1288 1554 1338; x_wconf 85' lang='lat' dir='ltr'>conscripsit,</span> <span class='ocrx_word' id='word_1_31' title='bbox 1584 1301 1630 1325; x_wconf 80' lang='lat' dir='ltr'>ex</span> <span class='ocrx_word' id='word_1_32' title='bbox 1654 1301 1767 1325; x_wconf 86' lang='lat' dir='ltr'>num.</span> <span class='ocrx_word' id='word_1_33' title='bbox 1791 1287 1854 1325; x_wconf 87' lang='lat'>53.</span> 
     </span>
    </p>
   </div>
   <div class='ocr_carea' id='block_1_6' title="bbox 940 1456 1576 1478">
    <p class='ocr_par' dir='ltr' id='par_1_6' title="bbox 940 1456 1576 1478">
     <span class='ocr_line' id='line_1_7' title="bbox 940 1456 1576 1478; baseline -0.002 -2"><span class='ocrx_word' id='word_1_34' title='bbox 940 1456 1263 1478; x_wconf 41' lang='lat' dir='ltr'>*GKR-QsO-QQ</span> <span class='ocrx_word' id='word_1_35' title='bbox 1267 1459 1517 1477; x_wconf 29' lang='lat'>3——7</span> <span class='ocrx_word' id='word_1_36' title='bbox 1562 1472 1576 1473; x_wconf 38' lang='lat' dir='ltr'><em>W</em></span> 
     </span>
    </p>
   </div>
   <div class='ocr_carea' id='block_1_7' title="bbox 490 1620 834 1659">
    <p class='ocr_par' dir='ltr' id='par_1_7' title="bbox 490 1620 834 1659">
     <span class='ocr_line' id='line_1_8' title="bbox 490 1620 834 1659; baseline 0.003 -1"><span class='ocrx_word' id='word_1_37' title='bbox 490 1620 819 1659; x_wconf 87' lang='lat' dir='ltr'><strong>PROOEMIUM</strong></span> <span class='ocrx_word' id='word_1_38' title='bbox 826 1651 834 1659; x_wconf 94' lang='grc'><em>.</em></span> 
     </span>
    </p>
   </div>
   <div class='ocr_carea' id='block_1_8' title="bbox 164 1732 1161 2376">
    <p class='ocr_par' dir='ltr' id='par_1_8' title="bbox 164 1732 1161 2376">
     <span class='ocr_line' id='line_1_9' title="bbox 220 1732 1159 1782; baseline -0.002 -11"><span class='ocrx_word' id='word_1_39' title='bbox 220 1738 308 1771; x_wconf 87' lang='lat' dir='ltr'>Jesu</span> <span class='ocrx_word' id='word_1_40' title='bbox 326 1732 507 1781; x_wconf 85' lang='lat' dir='ltr'>benigne,</span> <span class='ocrx_word' id='word_1_41' title='bbox 529 1732 615 1769; x_wconf 74' lang='lat' dir='ltr'>vitis</span> <span class='ocrx_word' id='word_1_42' title='bbox 634 1746 723 1769; x_wconf 67' lang='lat' dir='ltr'>vera</span> <span class='ocrx_word' id='word_1_43' title='bbox 740 1761 749 1779; x_wconf 86' lang='lat'><strong><em>,</em></strong></span> <span class='ocrx_word' id='word_1_44' title='bbox 772 1734 914 1782; x_wconf 80' lang='lat' dir='ltr'>lignum</span> <span class='ocrx_word' id='word_1_45' title='bbox 935 1734 1035 1779; x_wconf 65' lang='lat' dir='ltr'>vitre,</span> <span class='ocrx_word' id='word_1_46' title='bbox 1056 1734 1159 1782; x_wconf 88' lang='lat' dir='ltr'>quod</span> 
     </span>
     <span class='ocr_line' id='line_1_10' title="bbox 167 1792 1161 1842; baseline 0 -13"><span class='ocrx_word' id='word_1_47' title='bbox 167 1794 205 1829; x_wconf 84' lang='lat' dir='ltr'>in</span> <span class='ocrx_word' id='word_1_48' title='bbox 223 1793 346 1829; x_wconf 88' lang='lat' dir='ltr'>medio</span> <span class='ocrx_word' id='word_1_49' title='bbox 364 1792 526 1842; x_wconf 78' lang='lat' dir='ltr'>paradisi</span> <span class='ocrx_word' id='word_1_50' title='bbox 544 1793 656 1829; x_wconf 87' lang='lat' dir='ltr'>situm</span> <span class='ocrx_word' id='word_1_51' title='bbox 675 1801 753 1838; x_wconf 83' lang='lat' dir='ltr'>est3</span> <span class='ocrx_word' id='word_1_52' title='bbox 774 1794 934 1829; x_wconf 86' lang='lat' dir='ltr'>Domine</span> <span class='ocrx_word' id='word_1_53' title='bbox 952 1798 1039 1830; x_wconf 81' lang='lat' dir='ltr'>Jesu</span> <span class='ocrx_word' id='word_1_54' title='bbox 1058 1794 1161 1831; x_wconf 79' lang='lat' dir='ltr'>Chri-</span> 
     </span>
     <span class='ocr_line' id='line_1_11' title="bbox 165 1851 1159 1900; baseline 0 -12"><span class='ocrx_word' id='word_1_55' title='bbox 165 1860 232 1898; x_wconf 85' lang='lat' dir='ltr'><strong>ste,</strong></span> <span class='ocrx_word' id='word_1_56' title='bbox 249 1851 356 1900; x_wconf 90' lang='lat' dir='ltr'>cujus</span> <span class='ocrx_word' id='word_1_57' title='bbox 380 1851 468 1887; x_wconf 82' lang='lat' dir='ltr'>folia</span> <span class='ocrx_word' id='word_1_58' title='bbox 488 1860 576 1887; x_wconf 90' lang='lat' dir='ltr'>sunt</span> <span class='ocrx_word' id='word_1_59' title='bbox 592 1852 628 1887; x_wconf 94' lang='lat' dir='ltr'>in</span> <span class='ocrx_word' id='word_1_60' title='bbox 648 1852 887 1897; x_wconf 83' lang='lat' dir='ltr'>medicinam,</span> <span class='ocrx_word' id='word_1_61' title='bbox 911 1853 1053 1889; x_wconf 84' lang='lat' dir='ltr'>fruetus</span> <span class='ocrx_word' id='word_1_62' title='bbox 1070 1866 1159 1888; x_wconf 79' lang='lat' dir='ltr'>vero</span> 
     </span>
     <span class='ocr_line' id='line_1_12' title="bbox 166 1910 1160 1956; baseline 0.002 -10"><span class='ocrx_word' id='word_1_63' title='bbox 166 1911 203 1946; x_wconf 91' lang='lat' dir='ltr'>in</span> <span class='ocrx_word' id='word_1_64' title='bbox 224 1911 338 1946; x_wconf 82' lang='lat' dir='ltr'>vitam</span> <span class='ocrx_word' id='word_1_65' title='bbox 366 1919 570 1956; x_wconf 74' lang='lat' dir='ltr'>:eternam3</span> <span class='ocrx_word' id='word_1_66' title='bbox 607 1910 827 1947; x_wconf 84' lang='lat' dir='ltr'>benedictus</span> <span class='ocrx_word' id='word_1_67' title='bbox 854 1912 922 1948; x_wconf 88' lang='lat' dir='ltr'>ssos</span> <span class='ocrx_word' id='word_1_68' title='bbox 952 1920 988 1948; x_wconf 90' lang='lat' dir='ltr'>et</span> <span class='ocrx_word' id='word_1_69' title='bbox 1018 1912 1160 1948; x_wconf 88' lang='lat' dir='ltr'>fruetus</span> 
     </span>
     <span class='ocr_line' id='line_1_13' title="bbox 164 1969 1156 2020; baseline 0.001 -14"><span class='ocrx_word' id='word_1_70' title='bbox 164 1970 327 2018; x_wconf 83' lang='lat' dir='ltr'>Virginis</span> <span class='ocrx_word' id='word_1_71' title='bbox 351 1969 479 2006; x_wconf 85' lang='lat' dir='ltr'>Matris</span> <span class='ocrx_word' id='word_1_72' title='bbox 503 1970 736 2016; x_wconf 84' lang='lat' dir='ltr'>castissimae,</span> <span class='ocrx_word' id='word_1_73' title='bbox 759 1971 837 2006; x_wconf 87' lang='lat' dir='ltr'>sine</span> <span class='ocrx_word' id='word_1_74' title='bbox 857 1984 933 2020; x_wconf 91' lang='lat' dir='ltr'>quo</span> <span class='ocrx_word' id='word_1_75' title='bbox 956 1972 1080 2008; x_wconf 88' lang='lat' dir='ltr'>nullus</span> <span class='ocrx_word' id='word_1_76' title='bbox 1096 1984 1156 2007; x_wconf 88' lang='lat' dir='ltr'>sa-</span> 
     </span>
     <span class='ocr_line' id='line_1_14' title="bbox 166 2030 1157 2080; baseline 0.002 -15"><span class='ocrx_word' id='word_1_77' title='bbox 166 2030 242 2079; x_wconf 84' lang='lat' dir='ltr'>pit,</span> <span class='ocrx_word' id='word_1_78' title='bbox 267 2030 354 2078; x_wconf 88' lang='lat' dir='ltr'>quia</span> <span class='ocrx_word' id='word_1_79' title='bbox 384 2038 422 2065; x_wconf 92' lang='lat' dir='ltr'>tu</span> <span class='ocrx_word' id='word_1_80' title='bbox 448 2042 486 2065; x_wconf 89' lang='lat' dir='ltr'>es</span> <span class='ocrx_word' id='word_1_81' title='bbox 513 2030 642 2065; x_wconf 85' lang='lat' dir='ltr'>aeterni</span> <span class='ocrx_word' id='word_1_82' title='bbox 667 2031 785 2066; x_wconf 85' lang='lat' dir='ltr'>Patris</span> <span class='ocrx_word' id='word_1_83' title='bbox 812 2031 1025 2080; x_wconf 79' lang='lat' dir='ltr'>Sapientia:</span> <span class='ocrx_word' id='word_1_84' title='bbox 1052 2044 1157 2067; x_wconf 82' lang='lat' dir='ltr'>men-</span> 
     </span>
     <span class='ocr_line' id='line_1_15' title="bbox 167 2087 1154 2138; baseline 0.003 -15"><span class='ocrx_word' id='word_1_85' title='bbox 167 2097 240 2124; x_wconf 91' lang='lat' dir='ltr'>tem</span> <span class='ocrx_word' id='word_1_86' title='bbox 265 2101 384 2124; x_wconf 86' lang='lat' dir='ltr'>meam</span> <span class='ocrx_word' id='word_1_87' title='bbox 408 2087 569 2124; x_wconf 77' lang='lat' dir='ltr'>debilem</span> <span class='ocrx_word' id='word_1_88' title='bbox 594 2097 630 2124; x_wconf 84' lang='lat' dir='ltr'>et</span> <span class='ocrx_word' id='word_1_89' title='bbox 646 2088 787 2124; x_wconf 85' lang='lat' dir='ltr'>aridam</span> <span class='ocrx_word' id='word_1_90' title='bbox 810 2102 906 2138; x_wconf 90' lang='lat' dir='ltr'>pane</span> <span class='ocrx_word' id='word_1_91' title='bbox 928 2090 1154 2135; x_wconf 83' lang='lat' dir='ltr'>intellectus,</span> 
     </span>
     <span class='ocr_line' id='line_1_16' title="bbox 166 2148 1157 2197; baseline 0.003 -14"><span class='ocrx_word' id='word_1_92' title='bbox 166 2156 203 2183; x_wconf 89' lang='lat' dir='ltr'>et</span> <span class='ocrx_word' id='word_1_93' title='bbox 223 2161 318 2197; x_wconf 86' lang='lat' dir='ltr'>aqua</span> <span class='ocrx_word' id='word_1_94' title='bbox 339 2148 531 2196; x_wconf 80' lang='lat' dir='ltr'>sapientiae</span> <span class='ocrx_word' id='word_1_95' title='bbox 550 2149 721 2185; x_wconf 86' lang='lat' dir='ltr'>salutaris</span> <span class='ocrx_word' id='word_1_96' title='bbox 742 2149 896 2197; x_wconf 84' lang='lat' dir='ltr'>dignare</span> <span class='ocrx_word' id='word_1_97' title='bbox 922 2151 1093 2194; x_wconf 80' lang='lat' dir='ltr'>reficere,</span> <span class='ocrx_word' id='word_1_98' title='bbox 1116 2158 1157 2185; x_wconf 92' lang='lat' dir='ltr'>ut</span> 
     </span>
     <span class='ocr_line' id='line_1_17' title="bbox 166 2207 1159 2257; baseline 0.003 -15"><span class='ocrx_word' id='word_1_99' title='bbox 166 2215 223 2253; x_wconf 88' lang='lat' dir='ltr'>te,</span> <span class='ocrx_word' id='word_1_100' title='bbox 245 2220 267 2243; x_wconf 93' lang='grc' dir='ltr'><strong>ο</strong></span> <span class='ocrx_word' id='word_1_101' title='bbox 289 2207 402 2243; x_wconf 88' lang='lat' dir='ltr'>clavis</span> <span class='ocrx_word' id='word_1_102' title='bbox 426 2207 566 2252; x_wconf 81' lang='lat' dir='ltr'>David,</span> <span class='ocrx_word' id='word_1_103' title='bbox 588 2209 805 2257; x_wconf 84' lang='lat' dir='ltr'>aperiente,</span> <span class='ocrx_word' id='word_1_104' title='bbox 831 2209 920 2245; x_wconf 83' lang='lat' dir='ltr'>mihi</span> <span class='ocrx_word' id='word_1_105' title='bbox 942 2218 1159 2246; x_wconf 73' lang='lat' dir='ltr'>reserentur</span> 
     </span>
     <span class='ocr_line' id='line_1_18' title="bbox 164 2265 1158 2313; baseline 0.004 -12"><span class='ocrx_word' id='word_1_106' title='bbox 164 2265 346 2311; x_wconf 85' lang='lat' dir='ltr'>obseura3</span> <span class='ocrx_word' id='word_1_107' title='bbox 367 2274 403 2302; x_wconf 85' lang='lat' dir='ltr'>et</span> <span class='ocrx_word' id='word_1_108' title='bbox 426 2274 474 2312; x_wconf 87' lang='lat' dir='ltr'>te,</span> <span class='ocrx_word' id='word_1_109' title='bbox 496 2281 518 2302; x_wconf 85' lang='lat' dir='ltr'>o</span> <span class='ocrx_word' id='word_1_110' title='bbox 543 2281 630 2303; x_wconf 89' lang='lat' dir='ltr'>vera</span> <span class='ocrx_word' id='word_1_111' title='bbox 649 2268 726 2313; x_wconf 84' lang='lat' dir='ltr'>lux,</span> <span class='ocrx_word' id='word_1_112' title='bbox 750 2268 933 2313; x_wconf 73' lang='lat' dir='ltr'>radiante,</span> <span class='ocrx_word' id='word_1_113' title='bbox 960 2269 1158 2305; x_wconf 84' lang='lat' dir='ltr'>tenebrosa</span> 
     </span>
     <span class='ocr_line' id='line_1_19' title="bbox 164 2324 1158 2376; baseline 0.004 -16"><span class='ocrx_word' id='word_1_114' title='bbox 164 2324 380 2374; x_wconf 82' lang='lat' dir='ltr'>pandantur</span> <span class='ocrx_word' id='word_1_115' title='bbox 405 2340 412 2361; x_wconf 78' lang='lat' dir='ltr'>z</span> <span class='ocrx_word' id='word_1_116' title='bbox 446 2334 485 2361; x_wconf 91' lang='lat' dir='ltr'>ut</span> <span class='ocrx_word' id='word_1_117' title='bbox 511 2340 580 2376; x_wconf 90' lang='lat' dir='ltr'>per</span> <span class='ocrx_word' id='word_1_118' title='bbox 606 2339 663 2362; x_wconf 88' lang='lat' dir='ltr'>me</span> <span class='ocrx_word' id='word_1_119' title='bbox 704 2328 917 2364; x_wconf 76' lang='lat' dir='ltr'>ministrum</span> <span class='ocrx_word' id='word_1_120' title='bbox 955 2328 1158 2374; x_wconf 83' lang='lat' dir='ltr'>humilem,</span> 
     </span>
    </p>
   </div>
   <div class='ocr_carea' id='block_1_9' title="bbox 1182 1615 2222 1721">
    <p class='ocr_par' dir='ltr' id='par_1_9' title="bbox 1182 1615 2222 1721">
     <span class='ocr_line' id='line_1_20' title="bbox 1205 1615 2222 1666; baseline 0 -13"><span class='ocrx_word' id='word_1_121' title='bbox 1205 1616 1405 1666; x_wconf 87' lang='lat' dir='ltr'>⁷quidem,</span> <span class='ocrx_word' id='word_1_122' title='bbox 1424 1617 1526 1666; x_wconf 88' lang='lat' dir='ltr'>quod</span> <span class='ocrx_word' id='word_1_123' title='bbox 1547 1616 1709 1666; x_wconf 87' lang='lat' dir='ltr'>plantari</span> <span class='ocrx_word' id='word_1_124' title='bbox 1730 1616 1822 1652; x_wconf 87' lang='lat' dir='ltr'>solet</span> <span class='ocrx_word' id='word_1_125' title='bbox 1844 1615 1928 1651; x_wconf 81' lang='lat' dir='ltr'>vitis</span> <span class='ocrx_word' id='word_1_126' title='bbox 1948 1615 1986 1651; x_wconf 89' lang='lat' dir='ltr'>in</span> <span class='ocrx_word' id='word_1_127' title='bbox 2008 1624 2125 1661; x_wconf 87' lang='lat' dir='ltr'>terra,</span> <span class='ocrx_word' id='word_1_128' title='bbox 2146 1629 2222 1653; x_wconf 93' lang='lat' dir='ltr'>non</span> 
     </span>
     <span class='ocr_line' id='line_1_21' title="bbox 1182 1674 1913 1721; baseline -0.004 -10"><span class='ocrx_word' id='word_1_129' title='bbox 1182 1678 1212 1711; x_wconf 90' lang='lat' dir='ltr'><strong>A</strong></span> <span class='ocrx_word' id='word_1_130' title='bbox 1229 1676 1427 1721; x_wconf 87' lang='lat' dir='ltr'>seminari,</span> <span class='ocrx_word' id='word_1_131' title='bbox 1451 1675 1627 1711; x_wconf 86' lang='lat' dir='ltr'>translata</span> <span class='ocrx_word' id='word_1_132' title='bbox 1652 1674 1698 1710; x_wconf 85' lang='lat' dir='ltr'>de</span> <span class='ocrx_word' id='word_1_133' title='bbox 1718 1688 1784 1711; x_wconf 84' lang='lat' dir='ltr'>sua</span> <span class='ocrx_word' id='word_1_134' title='bbox 1807 1674 1883 1709; x_wconf 64' lang='lat' dir='ltr'>vite</span> <span class='ocrx_word' id='word_1_135' title='bbox 1907 1688 1913 1708; x_wconf 76' lang='grc' dir='ltr'>ε</span> 
     </span>
    </p>
   </div>
   <div class='ocr_carea' id='block_1_10' title="bbox 1222 1674 2223 2375">
    <p class='ocr_par' dir='ltr' id='par_1_10' title="bbox 1222 1674 2223 2375">
     <span class='ocr_line' id='line_1_22' title="bbox 1939 1674 2223 1722; baseline 0.007 -13"><span class='ocrx_word' id='word_1_136' title='bbox 1939 1674 2041 1722; x_wconf 88' lang='lat' dir='ltr'>quod</span> <span class='ocrx_word' id='word_1_137' title='bbox 2063 1674 2107 1710; x_wconf 85' lang='lat' dir='ltr'>ad</span> <span class='ocrx_word' id='word_1_138' title='bbox 2130 1689 2223 1711; x_wconf 85' lang='lat' dir='ltr'>eon-</span> 
     </span>
     <span class='ocr_line' id='line_1_23' title="bbox 1226 1733 2222 1784; baseline 0.002 -15"><span class='ocrx_word' id='word_1_139' title='bbox 1226 1735 1438 1784; x_wconf 71' lang='lat' dir='ltr'>ceptionem</span> <span class='ocrx_word' id='word_1_140' title='bbox 1472 1739 1560 1771; x_wconf 91' lang='lat' dir='ltr'>Jesu</span> <span class='ocrx_word' id='word_1_141' title='bbox 1590 1734 1678 1770; x_wconf 85' lang='lat' dir='ltr'>mihi</span> <span class='ocrx_word' id='word_1_142' title='bbox 1716 1733 1904 1783; x_wconf 84' lang='lat' dir='ltr'>pertinere</span> <span class='ocrx_word' id='word_1_143' title='bbox 1936 1733 2098 1770; x_wconf 75' lang='lat' dir='ltr'>videtur.</span> <span class='ocrx_word' id='word_1_144' title='bbox 2128 1735 2222 1771; x_wconf 80' lang='lat' dir='ltr'>Vitis</span> 
     </span>
     <span class='ocr_line' id='line_1_24' title="bbox 1227 1792 2222 1842; baseline 0 -13"><span class='ocrx_word' id='word_1_145' title='bbox 1227 1793 1325 1829; x_wconf 83' lang='lat' dir='ltr'>enim</span> <span class='ocrx_word' id='word_1_146' title='bbox 1355 1793 1478 1842; x_wconf 86' lang='lat' dir='ltr'>primo</span> <span class='ocrx_word' id='word_1_147' title='bbox 1502 1800 1589 1828; x_wconf 83' lang='lat' dir='ltr'>nata</span> <span class='ocrx_word' id='word_1_148' title='bbox 1609 1792 1655 1828; x_wconf 86' lang='lat' dir='ltr'>de</span> <span class='ocrx_word' id='word_1_149' title='bbox 1681 1792 1778 1836; x_wconf 69' lang='lat' dir='ltr'>vite,</span> <span class='ocrx_word' id='word_1_150' title='bbox 1802 1799 1857 1827; x_wconf 86' lang='lat' dir='ltr'>est</span> <span class='ocrx_word' id='word_1_151' title='bbox 1879 1794 1980 1827; x_wconf 88' lang='lat' dir='ltr'>Deus</span> <span class='ocrx_word' id='word_1_152' title='bbox 2008 1793 2154 1840; x_wconf 74' lang='lat' dir='ltr'>genitus</span> <span class='ocrx_word' id='word_1_153' title='bbox 2176 1793 2222 1829; x_wconf 90' lang='lat' dir='ltr'>de</span> 
     </span>
     <span class='ocr_line' id='line_1_25' title="bbox 1226 1852 2220 1898; baseline 0 -10"><span class='ocrx_word' id='word_1_154' title='bbox 1226 1857 1319 1898; x_wconf 83' lang='lat' dir='ltr'>Deo,</span> <span class='ocrx_word' id='word_1_155' title='bbox 1338 1853 1452 1889; x_wconf 89' lang='lat' dir='ltr'>Filius</span> <span class='ocrx_word' id='word_1_156' title='bbox 1471 1853 1516 1889; x_wconf 86' lang='lat' dir='ltr'>de</span> <span class='ocrx_word' id='word_1_157' title='bbox 1536 1856 1665 1896; x_wconf 84' lang='lat' dir='ltr'>Patre,</span> <span class='ocrx_word' id='word_1_158' title='bbox 1689 1859 1898 1887; x_wconf 75' lang='lat' dir='ltr'>eoaeternus</span> <span class='ocrx_word' id='word_1_159' title='bbox 1916 1860 1951 1886; x_wconf 88' lang='lat' dir='ltr'>et</span> <span class='ocrx_word' id='word_1_160' title='bbox 1970 1852 2220 1889; x_wconf 84' lang='lat' dir='ltr'>consubstan-</span> 
     </span>
     <span class='ocr_line' id='line_1_26' title="bbox 1228 1910 2220 1960; baseline 0 -12"><span class='ocrx_word' id='word_1_161' title='bbox 1228 1912 1322 1948; x_wconf 86' lang='lat' dir='ltr'>tialis</span> <span class='ocrx_word' id='word_1_162' title='bbox 1351 1912 1410 1957; x_wconf 85' lang='lat' dir='ltr'>ei,</span> <span class='ocrx_word' id='word_1_163' title='bbox 1436 1911 1482 1947; x_wconf 88' lang='lat' dir='ltr'>de</span> <span class='ocrx_word' id='word_1_164' title='bbox 1512 1925 1587 1960; x_wconf 84' lang='lat' dir='ltr'>quo</span> <span class='ocrx_word' id='word_1_165' title='bbox 1613 1911 1759 1959; x_wconf 73' lang='lat' dir='ltr'>genitus</span> <span class='ocrx_word' id='word_1_166' title='bbox 1784 1918 1852 1946; x_wconf 86' lang='lat' dir='ltr'>est.</span> <span class='ocrx_word' id='word_1_167' title='bbox 1874 1910 1945 1947; x_wconf 82' lang='lat' dir='ltr'>Sed</span> <span class='ocrx_word' id='word_1_168' title='bbox 1976 1919 2015 1946; x_wconf 92' lang='lat' dir='ltr'>ut</span> <span class='ocrx_word' id='word_1_169' title='bbox 2038 1911 2220 1960; x_wconf 87' lang='lat' dir='ltr'>majorem</span> 
     </span>
     <span class='ocr_line' id='line_1_27' title="bbox 1223 1970 2215 2020; baseline 0.001 -12"><span class='ocrx_word' id='word_1_170' title='bbox 1223 1973 1361 2009; x_wconf 83' lang='lat' dir='ltr'>faceret</span> <span class='ocrx_word' id='word_1_171' title='bbox 1385 1972 1566 2015; x_wconf 79' lang='lat' dir='ltr'>fructum,</span> <span class='ocrx_word' id='word_1_172' title='bbox 1594 1971 1783 2020; x_wconf 80' lang='lat' dir='ltr'>plantatus</span> <span class='ocrx_word' id='word_1_173' title='bbox 1803 1979 1858 2006; x_wconf 86' lang='lat' dir='ltr'>est</span> <span class='ocrx_word' id='word_1_174' title='bbox 1878 1970 1916 2006; x_wconf 90' lang='lat' dir='ltr'>in</span> <span class='ocrx_word' id='word_1_175' title='bbox 1939 1978 2055 2016; x_wconf 84' lang='lat' dir='ltr'>terra,</span> <span class='ocrx_word' id='word_1_176' title='bbox 2079 1971 2115 2007; x_wconf 87' lang='lat' dir='ltr'>id</span> <span class='ocrx_word' id='word_1_177' title='bbox 2137 1981 2215 2018; x_wconf 84' lang='lat' dir='ltr'>est,</span> 
     </span>
     <span class='ocr_line' id='line_1_28' title="bbox 1222 2028 2214 2080; baseline -0.001 -13"><span class='ocrx_word' id='word_1_178' title='bbox 1222 2030 1260 2066; x_wconf 90' lang='lat' dir='ltr'>in</span> <span class='ocrx_word' id='word_1_179' title='bbox 1289 2030 1441 2080; x_wconf 74' lang='lat' dir='ltr'>Virgine</span> <span class='ocrx_word' id='word_1_180' title='bbox 1463 2029 1580 2066; x_wconf 84' lang='lat' dir='ltr'>Maria</span> <span class='ocrx_word' id='word_1_181' title='bbox 1610 2037 1841 2078; x_wconf 87' lang='lat' dir='ltr'>conceptus,</span> <span class='ocrx_word' id='word_1_182' title='bbox 1868 2028 1985 2064; x_wconf 85' lang='lat' dir='ltr'>sactus</span> <span class='ocrx_word' id='word_1_183' title='bbox 2011 2029 2115 2078; x_wconf 86' lang='lat' dir='ltr'>quod</span> <span class='ocrx_word' id='word_1_184' title='bbox 2138 2044 2214 2066; x_wconf 87' lang='lat' dir='ltr'>non</span> 
     </span>
     <span class='ocr_line' id='line_1_29' title="bbox 1223 2087 2216 2137; baseline 0.001 -13"><span class='ocrx_word' id='word_1_185' title='bbox 1223 2097 1321 2133; x_wconf 89' lang='lat' dir='ltr'>erat,</span> <span class='ocrx_word' id='word_1_186' title='bbox 1344 2102 1499 2125; x_wconf 86' lang='lat' dir='ltr'>manens</span> <span class='ocrx_word' id='word_1_187' title='bbox 1523 2088 1626 2137; x_wconf 87' lang='lat' dir='ltr'>quod</span> <span class='ocrx_word' id='word_1_188' title='bbox 1650 2096 1743 2124; x_wconf 86' lang='lat' dir='ltr'>erat.</span> <span class='ocrx_word' id='word_1_189' title='bbox 1768 2087 1967 2124; x_wconf 71' lang='lat' dir='ltr'>Benedicta</span> <span class='ocrx_word' id='word_1_190' title='bbox 1992 2096 2090 2124; x_wconf 88' lang='lat' dir='ltr'>terra</span> <span class='ocrx_word' id='word_1_191' title='bbox 2111 2089 2188 2125; x_wconf 68' lang='lat' dir='ltr'>lraec</span> <span class='ocrx_word' id='word_1_192' title='bbox 2207 2118 2216 2133; x_wconf 94' lang='lat'>‚</span> 
     </span>
     <span class='ocr_line' id='line_1_30' title="bbox 1224 2146 2219 2197; baseline 0.002 -13"><span class='ocrx_word' id='word_1_193' title='bbox 1224 2149 1390 2184; x_wconf 88' lang='lat' dir='ltr'>omnium</span> <span class='ocrx_word' id='word_1_194' title='bbox 1403 2148 1570 2197; x_wconf 78' lang='lat' dir='ltr'>gentium</span> <span class='ocrx_word' id='word_1_195' title='bbox 1584 2148 1780 2196; x_wconf 82' lang='lat' dir='ltr'>proferens</span> <span class='ocrx_word' id='word_1_196' title='bbox 1793 2146 2108 2185; x_wconf 80' lang='lat' dir='ltr'>benedictionem.</span> <span class='ocrx_word' id='word_1_197' title='bbox 2123 2152 2219 2185; x_wconf 80' lang='lat' dir='ltr'>Vere</span> 
     </span>
     <span class='ocr_line' id='line_1_31' title="bbox 1224 2206 2218 2256; baseline 0.001 -13"><span class='ocrx_word' id='word_1_198' title='bbox 1224 2207 1441 2251; x_wconf 84' lang='lat' dir='ltr'>benedicta,</span> <span class='ocrx_word' id='word_1_199' title='bbox 1469 2220 1551 2256; x_wconf 84' lang='lat' dir='ltr'>quae</span> <span class='ocrx_word' id='word_1_200' title='bbox 1582 2211 1661 2244; x_wconf 86' lang='lat' dir='ltr'>Deo</span> <span class='ocrx_word' id='word_1_201' title='bbox 1693 2207 1805 2243; x_wconf 88' lang='lat' dir='ltr'>dante</span> <span class='ocrx_word' id='word_1_202' title='bbox 1832 2206 2122 2256; x_wconf 77' lang='lat' dir='ltr'>benignitatem,</span> <span class='ocrx_word' id='word_1_203' title='bbox 2146 2217 2218 2244; x_wconf 87' lang='lat' dir='ltr'>tam</span> 
     </span>
     <span class='ocr_line' id='line_1_32' title="bbox 1225 2266 2222 2315; baseline 0.001 -13"><span class='ocrx_word' id='word_1_204' title='bbox 1225 2266 1463 2303; x_wconf 84' lang='lat' dir='ltr'>benedictum</span> <span class='ocrx_word' id='word_1_205' title='bbox 1484 2266 1643 2315; x_wconf 87' lang='lat' dir='ltr'>protulit</span> <span class='ocrx_word' id='word_1_206' title='bbox 1664 2267 1838 2301; x_wconf 74' lang='lat' dir='ltr'>fructum.</span> <span class='ocrx_word' id='word_1_207' title='bbox 1865 2268 1950 2301; x_wconf 74' lang='lat' dir='ltr'>Haec</span> <span class='ocrx_word' id='word_1_208' title='bbox 1969 2273 2024 2301; x_wconf 86' lang='lat' dir='ltr'>est</span> <span class='ocrx_word' id='word_1_209' title='bbox 2042 2274 2158 2312; x_wconf 83' lang='lat' dir='ltr'>terra,</span> <span class='ocrx_word' id='word_1_210' title='bbox 2177 2267 2222 2303; x_wconf 89' lang='lat' dir='ltr'>de</span> 
     </span>
     <span class='ocr_line' id='line_1_33' title="bbox 1225 2324 2222 2375; baseline -0.001 -13"><span class='ocrx_word' id='word_1_211' title='bbox 1225 2340 1300 2375; x_wconf 88' lang='lat' dir='ltr'>qua</span> <span class='ocrx_word' id='word_1_212' title='bbox 1317 2326 1499 2375; x_wconf 87' lang='lat' dir='ltr'>seriptum</span> <span class='ocrx_word' id='word_1_213' title='bbox 1517 2334 1572 2361; x_wconf 82' lang='lat' dir='ltr'>est</span> <span class='ocrx_word' id='word_1_214' title='bbox 1591 2340 1597 2360; x_wconf 89' lang='lat'>:</span> <span class='ocrx_word' id='word_1_215' title='bbox 1623 2327 1773 2360; x_wconf 82' lang='lat' dir='ltr'>Terram</span> <span class='ocrx_word' id='word_1_216' title='bbox 1791 2339 1863 2360; x_wconf 77' lang='lat' dir='ltr'>non</span> <span class='ocrx_word' id='word_1_217' title='bbox 1879 2324 2102 2373; x_wconf 74' lang='lat' dir='ltr'>operabatur</span> <span class='ocrx_word' id='word_1_218' title='bbox 2119 2331 2222 2374; x_wconf 78' lang='lat' dir='ltr'><em>quis-</em></span> 
     </span>
    </p>
   </div>
   <div class='ocr_carea' id='block_1_11' title="bbox 165 2382 2220 2436">
    <p class='ocr_par' dir='ltr' id='par_1_11' title="bbox 165 2382 2220 2436">
     <span class='ocr_line' id='line_1_34' title="bbox 165 2382 2220 2436; baseline 0 -16"><span class='ocrx_word' id='word_1_219' title='bbox 165 2385 363 2434; x_wconf 89' lang='lat' dir='ltr'>temetipso</span> <span class='ocrx_word' id='word_1_220' title='bbox 394 2386 653 2423; x_wconf 84' lang='lat' dir='ltr'>manifestante</span> <span class='ocrx_word' id='word_1_221' title='bbox 675 2394 713 2422; x_wconf 87' lang='lat' dir='ltr'>et</span> <span class='ocrx_word' id='word_1_222' title='bbox 738 2387 971 2431; x_wconf 85' lang='lat' dir='ltr'>elucidante,</span> <span class='ocrx_word' id='word_1_223' title='bbox 995 2387 1154 2436; x_wconf 84' lang='lat' dir='ltr'>loquen-</span> <span class='ocrx_word' id='word_1_224' title='bbox 1175 2386 1198 2419; x_wconf 85' lang='lat' dir='ltr'><strong>B</strong></span> <span class='ocrx_word' id='word_1_225' title='bbox 1219 2398 1346 2433; x_wconf 76' lang='lat' dir='ltr'>quam,</span> <span class='ocrx_word' id='word_1_226' title='bbox 1364 2387 1430 2420; x_wconf 78' lang='lat' dir='ltr'>sed</span> <span class='ocrx_word' id='word_1_227' title='bbox 1449 2384 1676 2433; x_wconf 78' lang='lat' dir='ltr'>irrigabatur</span> <span class='ocrx_word' id='word_1_228' title='bbox 1692 2382 1838 2430; x_wconf 70' lang='lat' dir='ltr'>assuete</span> <span class='ocrx_word' id='word_1_229' title='bbox 1854 2385 2075 2418; x_wconf 75' lang='lat' dir='ltr'>ascendente</span> <span class='ocrx_word' id='word_1_230' title='bbox 2093 2386 2220 2433; x_wconf 77' lang='lat' dir='ltr'>(lepa-</span> 
     </span>
    </p>
   </div>
   <div class='ocr_carea' id='block_1_12' title="bbox 164 2445 1154 2541">
    <p class='ocr_par' dir='ltr' id='par_1_12' title="bbox 164 2445 1154 2541">
     <span class='ocr_line' id='line_1_35' title="bbox 165 2445 1154 2483; baseline 0.003 -4"><span class='ocrx_word' id='word_1_231' title='bbox 165 2452 218 2480; x_wconf 85' lang='lat' dir='ltr'>tes</span> <span class='ocrx_word' id='word_1_232' title='bbox 248 2445 355 2481; x_wconf 87' lang='lat' dir='ltr'>simul</span> <span class='ocrx_word' id='word_1_233' title='bbox 385 2453 421 2480; x_wconf 88' lang='lat' dir='ltr'>et</span> <span class='ocrx_word' id='word_1_234' title='bbox 449 2445 644 2482; x_wconf 86' lang='lat' dir='ltr'>audientes</span> <span class='ocrx_word' id='word_1_235' title='bbox 674 2446 786 2482; x_wconf 76' lang='lat' dir='ltr'>vitam</span> <span class='ocrx_word' id='word_1_236' title='bbox 813 2446 1015 2483; x_wconf 76' lang='lat' dir='ltr'>habeamus</span> <span class='ocrx_word' id='word_1_237' title='bbox 1043 2456 1154 2483; x_wconf 70' lang='lat' dir='ltr'>zeter-</span> 
     </span>
     <span class='ocr_line' id='line_1_36' title="bbox 164 2508 417 2541; baseline 0.004 -2"><span class='ocrx_word' id='word_1_238' title='bbox 164 2516 262 2540; x_wconf 79' lang='lat' dir='ltr'>nam.</span> <span class='ocrx_word' id='word_1_239' title='bbox 285 2508 417 2541; x_wconf 86' lang='lat' dir='ltr'>Amen.</span> 
     </span>
    </p>
   </div>
   <div class='ocr_carea' id='block_1_13' title="bbox 541 2621 777 2660">
    <p class='ocr_par' dir='ltr' id='par_1_13' title="bbox 541 2621 777 2660">
     <span class='ocr_line' id='line_1_37' title="bbox 541 2621 777 2660; baseline 0.008 -2"><span class='ocrx_word' id='word_1_240' title='bbox 541 2621 716 2660; x_wconf 86' lang='lat' dir='ltr'>CAPUT</span> <span class='ocrx_word' id='word_1_241' title='bbox 746 2623 777 2660; x_wconf 92' lang='grc' dir='ltr'>Ι.</span> 
     </span>
    </p>
   </div>
   <div class='ocr_carea' id='block_1_14' title="bbox 349 2734 967 2768">
    <p class='ocr_par' dir='ltr' id='par_1_14' title="bbox 349 2734 967 2768">
     <span class='ocr_line' id='line_1_38' title="bbox 349 2734 967 2768; baseline 0.003 -3"><span class='ocrx_word' id='word_1_242' title='bbox 349 2734 504 2766; x_wconf 78' lang='lat' dir='ltr'>Christum</span> <span class='ocrx_word' id='word_1_243' title='bbox 523 2738 629 2767; x_wconf 80' lang='lat' dir='ltr'>Jesum</span> <span class='ocrx_word' id='word_1_244' title='bbox 653 2747 717 2768; x_wconf 83' lang='lat' dir='ltr'>esse</span> <span class='ocrx_word' id='word_1_245' title='bbox 737 2747 843 2768; x_wconf 70' lang='lat' dir='ltr'>veram</span> <span class='ocrx_word' id='word_1_246' title='bbox 863 2737 967 2767; x_wconf 65' lang='lat' dir='ltr'>xitem.</span> 
     </span>
    </p>
   </div>
   <div class='ocr_carea' id='block_1_15' title="bbox 162 2856 1150 3199">
    <p class='ocr_par' dir='ltr' id='par_1_15' title="bbox 162 2856 1150 3199">
     <span class='ocr_line' id='line_1_39' title="bbox 222 2856 1150 2905; baseline 0.001 -15"><span class='ocrx_word' id='word_1_247' title='bbox 222 2856 252 2890; x_wconf 93' lang='lat' dir='ltr'>l.</span> <span class='ocrx_word' id='word_1_248' title='bbox 287 2856 367 2903; x_wconf 77' lang='lat' dir='ltr'>Ego</span> <span class='ocrx_word' id='word_1_249' title='bbox 391 2869 469 2890; x_wconf 79' lang='lat' dir='ltr'>sum</span> <span class='ocrx_word' id='word_1_250' title='bbox 500 2857 584 2890; x_wconf 70' lang='lat' dir='ltr'>vitis</span> <span class='ocrx_word' id='word_1_251' title='bbox 606 2869 696 2890; x_wconf 73' lang='lat' dir='ltr'>vera</span> <span class='ocrx_word' id='word_1_252' title='bbox 712 2861 736 2891; x_wconf 92' lang='lat'>¹.</span> <span class='ocrx_word' id='word_1_253' title='bbox 767 2859 853 2905; x_wconf 89' lang='lat' dir='ltr'>Ipso</span> <span class='ocrx_word' id='word_1_254' title='bbox 879 2856 1041 2892; x_wconf 83' lang='lat' dir='ltr'>Domino</span> <span class='ocrx_word' id='word_1_255' title='bbox 1064 2860 1150 2892; x_wconf 90' lang='lat' dir='ltr'>Jesu</span> 
     </span>
     <span class='ocr_line' id='line_1_40' title="bbox 164 2913 1150 2965; baseline 0.001 -15"><span class='ocrx_word' id='word_1_256' title='bbox 164 2913 309 2950; x_wconf 79' lang='lat' dir='ltr'>Christo</span> <span class='ocrx_word' id='word_1_257' title='bbox 338 2913 539 2964; x_wconf 86' lang='lat' dir='ltr'>adjuvante</span> <span class='ocrx_word' id='word_1_258' title='bbox 558 2915 753 2950; x_wconf 86' lang='lat' dir='ltr'>videamus</span> <span class='ocrx_word' id='word_1_259' title='bbox 773 2915 952 2964; x_wconf 87' lang='lat' dir='ltr'>quasdam</span> <span class='ocrx_word' id='word_1_260' title='bbox 975 2917 1150 2965; x_wconf 90' lang='lat' dir='ltr'>proprie-</span> 
     </span>
     <span class='ocr_line' id='line_1_41' title="bbox 165 2973 1149 3022; baseline 0.001 -14"><span class='ocrx_word' id='word_1_261' title='bbox 165 2981 257 3009; x_wconf 83' lang='lat' dir='ltr'>tates</span> <span class='ocrx_word' id='word_1_262' title='bbox 279 2973 365 3008; x_wconf 82' lang='lat' dir='ltr'>vitis</span> <span class='ocrx_word' id='word_1_263' title='bbox 394 2973 598 3018; x_wconf 71' lang='lat' dir='ltr'>terrestris,</span> <span class='ocrx_word' id='word_1_264' title='bbox 619 2973 656 3009; x_wconf 89' lang='lat' dir='ltr'>in</span> <span class='ocrx_word' id='word_1_265' title='bbox 677 2973 814 3022; x_wconf 82' lang='lat' dir='ltr'>quibus</span> <span class='ocrx_word' id='word_1_266' title='bbox 834 2975 943 3010; x_wconf 83' lang='lat' dir='ltr'>etiam</span> <span class='ocrx_word' id='word_1_267' title='bbox 966 2974 1062 3010; x_wconf 78' lang='lat' dir='ltr'>illius</span> <span class='ocrx_word' id='word_1_268' title='bbox 1083 2987 1149 3009; x_wconf 79' lang='lat' dir='ltr'>su—</span> 
     </span>
     <span class='ocr_line' id='line_1_42' title="bbox 165 3031 1150 3084; baseline 0.002 -19"><span class='ocrx_word' id='word_1_269' title='bbox 165 3031 394 3080; x_wconf 76' lang='lat' dir='ltr'>pereoelestis</span> <span class='ocrx_word' id='word_1_270' title='bbox 425 3031 510 3067; x_wconf 66' lang='lat' dir='ltr'>vitis</span> <span class='ocrx_word' id='word_1_271' title='bbox 536 3032 785 3080; x_wconf 76' lang='lat' dir='ltr'>proprietates</span> <span class='ocrx_word' id='word_1_272' title='bbox 809 3033 1004 3068; x_wconf 79' lang='lat' dir='ltr'>nominare</span> <span class='ocrx_word' id='word_1_273' title='bbox 1027 3033 1150 3084; x_wconf 67' lang='lat' dir='ltr'>possi·</span> 
     </span>
     <span class='ocr_line' id='line_1_43' title="bbox 164 3092 1149 3139; baseline 0.002 -14"><span class='ocrx_word' id='word_1_274' title='bbox 164 3103 245 3125; x_wconf 73' lang='lat' dir='ltr'>mus</span> <span class='ocrx_word' id='word_1_275' title='bbox 264 3105 271 3126; x_wconf 93' lang='lat'><strong>:</strong></span> <span class='ocrx_word' id='word_1_276' title='bbox 291 3103 358 3126; x_wconf 83' lang='lat' dir='ltr'>nee</span> <span class='ocrx_word' id='word_1_277' title='bbox 379 3099 521 3126; x_wconf 87' lang='lat' dir='ltr'>tantum</span> <span class='ocrx_word' id='word_1_278' title='bbox 539 3104 580 3126; x_wconf 87' lang='lat' dir='ltr'>ea</span> <span class='ocrx_word' id='word_1_279' title='bbox 594 3120 602 3135; x_wconf 89' lang='lat'>‚</span> <span class='ocrx_word' id='word_1_280' title='bbox 618 3104 701 3139; x_wconf 73' lang='lat' dir='ltr'>quae</span> <span class='ocrx_word' id='word_1_281' title='bbox 719 3092 883 3127; x_wconf 78' lang='lat' dir='ltr'>exterius</span> <span class='ocrx_word' id='word_1_282' title='bbox 900 3092 945 3128; x_wconf 91' lang='lat' dir='ltr'>ad</span> <span class='ocrx_word' id='word_1_283' title='bbox 965 3093 1149 3127; x_wconf 64' lang='lat' dir='ltr'>canturam</span> 
     </span>
     <span class='ocr_line' id='line_1_44' title="bbox 162 3149 1149 3199; baseline 0.002 -16"><span class='ocrx_word' id='word_1_284' title='bbox 162 3149 282 3186; x_wconf 80' lang='lat' dir='ltr'>eidem</span> <span class='ocrx_word' id='word_1_285' title='bbox 321 3149 549 3186; x_wconf 79' lang='lat' dir='ltr'>exhibentur</span> <span class='ocrx_word' id='word_1_286' title='bbox 563 3179 571 3194; x_wconf 89' lang='lat'>,</span> <span class='ocrx_word' id='word_1_287' title='bbox 611 3151 901 3187; x_wconf 63' lang='lat' dir='ltr'>considet-cums.</span> <span class='ocrx_word' id='word_1_288' title='bbox 945 3155 985 3187; x_wconf 63' lang='lat' dir='ltr'>tit</span> <span class='ocrx_word' id='word_1_289' title='bbox 1026 3151 1149 3199; x_wconf 83' lang='lat' dir='ltr'>primo</span> 
     </span>
    </p>
   </div>
   <div class='ocr_carea' id='block_1_16' title="bbox 213 3288 1044 3326">
    <p class='ocr_par' dir='ltr' id='par_1_16' title="bbox 213 3288 1044 3326">
     <span class='ocr_line' id='line_1_45' title="bbox 213 3288 1044 3326; baseline -0.001 -8"><span class='ocrx_word' id='word_1_290' title='bbox 213 3291 324 3318; x_wconf 77' lang='lat' dir='ltr'>&#39;Joan¹</span> <span class='ocrx_word' id='word_1_291' title='bbox 346 3300 399 3325; x_wconf 75' lang='lat' dir='ltr'>xv,</span> <span class='ocrx_word' id='word_1_292' title='bbox 423 3293 449 3321; x_wconf 86' lang='grc'>1,</span> <span class='ocrx_word' id='word_1_293' title='bbox 470 3307 507 3311; x_wconf 57' lang='grc' dir='ltr'>υ·</span> <span class='ocrx_word' id='word_1_294' title='bbox 527 3295 536 3309; x_wconf 89' lang='lat'>²</span> <span class='ocrx_word' id='word_1_295' title='bbox 553 3292 632 3319; x_wconf 69' lang='lat' dir='ltr'>(ivn.</span> <span class='ocrx_word' id='word_1_296' title='bbox 653 3302 673 3319; x_wconf 85' lang='grc' dir='ltr'>ιι</span> <span class='ocrx_word' id='word_1_297' title='bbox 691 3314 697 3323; x_wconf 82' lang='grc'>,</span> <span class='ocrx_word' id='word_1_298' title='bbox 718 3294 731 3318; x_wconf 64' lang='lat'>⁷·</span> <span class='ocrx_word' id='word_1_299' title='bbox 748 3313 755 3326; x_wconf 68' lang='grc'>,</span> <span class='ocrx_word' id='word_1_300' title='bbox 774 3294 804 3319; x_wconf 74' lang='grc' dir='ltr'>Γ).</span> <span class='ocrx_word' id='word_1_301' title='bbox 826 3307 862 3311; x_wconf 87' lang='grc'>-</span> <span class='ocrx_word' id='word_1_302' title='bbox 886 3288 989 3320; x_wconf 66' lang='lat' dir='ltr'>31,tt‹·.</span> <span class='ocrx_word' id='word_1_303' title='bbox 1014 3301 1044 3323; x_wconf 81' lang='grc' dir='ltr'>ι,</span> 
     </span>
    </p>
   </div>
   <div class='ocr_carea' id='block_1_17' title="bbox 294 3360 447 3381">
    <p class='ocr_par' dir='ltr' id='par_1_17' title="bbox 294 3360 447 3381">
     <span class='ocr_line' id='line_1_46' title="bbox 294 3360 447 3381; baseline 0.013 -2"><span class='ocrx_word' id='word_1_304' title='bbox 294 3360 383 3381; x_wconf 71' lang='lat' dir='ltr'>TUM.</span> <span class='ocrx_word' id='word_1_305' title='bbox 416 3360 447 3381; x_wconf 75' lang='grc' dir='ltr'>Υ.</span> 
     </span>
    </p>
   </div>
   <div class='ocr_carea' id='block_1_18' title="bbox 1217 2442 2220 3129">
    <p class='ocr_par' dir='ltr' id='par_1_18' title="bbox 1217 2442 2220 3129">
     <span class='ocr_line' id='line_1_47' title="bbox 1221 2442 2220 2493; baseline 0.001 -13"><span class='ocrx_word' id='word_1_306' title='bbox 1221 2445 1344 2480; x_wconf 77' lang='lat' dir='ltr'>radiso</span> <span class='ocrx_word' id='word_1_307' title='bbox 1359 2449 1384 2480; x_wconf 90' lang='lat'>².</span> <span class='ocrx_word' id='word_1_308' title='bbox 1409 2447 1524 2480; x_wconf 82' lang='lat' dir='ltr'>Terra</span> <span class='ocrx_word' id='word_1_309' title='bbox 1552 2443 1694 2492; x_wconf 84' lang='lat' dir='ltr'>quippe</span> <span class='ocrx_word' id='word_1_310' title='bbox 1720 2442 1799 2478; x_wconf 83' lang='lat' dir='ltr'>haec</span> <span class='ocrx_word' id='word_1_311' title='bbox 1822 2455 1897 2478; x_wconf 88' lang='lat' dir='ltr'>non</span> <span class='ocrx_word' id='word_1_312' title='bbox 1919 2443 2064 2492; x_wconf 86' lang='lat' dir='ltr'>aceepit</span> <span class='ocrx_word' id='word_1_313' title='bbox 2082 2458 2220 2493; x_wconf 87' lang='lat' dir='ltr'>opera-</span> 
     </span>
     <span class='ocr_line' id='line_1_48' title="bbox 1221 2502 2220 2550; baseline 0.002 -11"><span class='ocrx_word' id='word_1_314' title='bbox 1221 2503 1361 2539; x_wconf 88' lang='lat' dir='ltr'>tionem</span> <span class='ocrx_word' id='word_1_315' title='bbox 1386 2502 1587 2539; x_wconf 78' lang='lat' dir='ltr'>humanam</span> <span class='ocrx_word' id='word_1_316' title='bbox 1602 2531 1611 2547; x_wconf 88' lang='lat'>,</span> <span class='ocrx_word' id='word_1_317' title='bbox 1635 2511 1675 2538; x_wconf 92' lang='lat' dir='ltr'>ut</span> <span class='ocrx_word' id='word_1_318' title='bbox 1696 2502 1959 2550; x_wconf 79' lang='lat' dir='ltr'>conciperetur</span> <span class='ocrx_word' id='word_1_319' title='bbox 1982 2502 2019 2537; x_wconf 93' lang='lat' dir='ltr'>in</span> <span class='ocrx_word' id='word_1_320' title='bbox 2041 2516 2084 2539; x_wconf 85' lang='lat' dir='ltr'>ea</span> <span class='ocrx_word' id='word_1_321' title='bbox 2103 2505 2220 2541; x_wconf 87' lang='lat' dir='ltr'>Filius</span> 
     </span>
     <span class='ocr_line' id='line_1_49' title="bbox 1219 2561 2216 2611; baseline 0.001 -13"><span class='ocrx_word' id='word_1_322' title='bbox 1219 2562 1307 2607; x_wconf 89' lang='lat' dir='ltr'>Dei;</span> <span class='ocrx_word' id='word_1_323' title='bbox 1332 2561 1397 2598; x_wconf 89' lang='lat' dir='ltr'>sed</span> <span class='ocrx_word' id='word_1_324' title='bbox 1426 2575 1522 2611; x_wconf 86' lang='lat' dir='ltr'>aqua</span> <span class='ocrx_word' id='word_1_325' title='bbox 1548 2562 1708 2611; x_wconf 83' lang='lat' dir='ltr'>Spiritus</span> <span class='ocrx_word' id='word_1_326' title='bbox 1729 2561 1845 2597; x_wconf 83' lang='lat' dir='ltr'>sancti</span> <span class='ocrx_word' id='word_1_327' title='bbox 1867 2561 2017 2609; x_wconf 75' lang='lat' dir='ltr'>irrigata</span> <span class='ocrx_word' id='word_1_328' title='bbox 2041 2562 2109 2598; x_wconf 85' lang='lat' dir='ltr'>suit</span> <span class='ocrx_word' id='word_1_329' title='bbox 2136 2579 2143 2599; x_wconf 89' lang='lat'>:</span> <span class='ocrx_word' id='word_1_330' title='bbox 2167 2565 2216 2599; x_wconf 90' lang='lat' dir='ltr'>ita</span> 
     </span>
     <span class='ocr_line' id='line_1_50' title="bbox 1220 2621 2213 2669; baseline -0.001 -11"><span class='ocrx_word' id='word_1_331' title='bbox 1220 2622 1320 2658; x_wconf 74' lang='lat' dir='ltr'>enin]</span> <span class='ocrx_word' id='word_1_332' title='bbox 1350 2621 1462 2669; x_wconf 73' lang='lat' dir='ltr'>legis,</span> <span class='ocrx_word' id='word_1_333' title='bbox 1492 2622 1648 2669; x_wconf 77' lang='lat' dir='ltr'>Spiritus</span> <span class='ocrx_word' id='word_1_334' title='bbox 1673 2629 1822 2655; x_wconf 72' lang='lat' dir='ltr'>sanctus</span> <span class='ocrx_word' id='word_1_335' title='bbox 1849 2626 2079 2667; x_wconf 71' lang='lat' dir='ltr'>superveniet</span> <span class='ocrx_word' id='word_1_336' title='bbox 2102 2627 2140 2656; x_wconf 73' lang='lat'>1&#39;11</span> <span class='ocrx_word' id='word_1_337' title='bbox 2166 2632 2213 2667; x_wconf 76' lang='lat' dir='ltr'>lc,</span> 
     </span>
     <span class='ocr_line' id='line_1_51' title="bbox 1222 2679 2216 2718; baseline 0.001 -1"><span class='ocrx_word' id='word_1_338' title='bbox 1222 2690 1258 2717; x_wconf 80' lang='lat' dir='ltr'>ee</span> <span class='ocrx_word' id='word_1_339' title='bbox 1277 2685 1392 2717; x_wconf 80' lang='lat' dir='ltr'>virtus</span> <span class='ocrx_word' id='word_1_340' title='bbox 1414 2684 1590 2715; x_wconf 77' lang='lat' dir='ltr'>Allissimi</span> <span class='ocrx_word' id='word_1_341' title='bbox 1608 2679 1838 2715; x_wconf 66' lang='lat' dir='ltr'>olwnbrabst</span> <span class='ocrx_word' id='word_1_342' title='bbox 1859 2679 1925 2714; x_wconf 75' lang='lat' dir='ltr'>tibi</span> <span class='ocrx_word' id='word_1_343' title='bbox 1942 2679 1966 2714; x_wconf 82' lang='lat'>3.</span> <span class='ocrx_word' id='word_1_344' title='bbox 1986 2683 2150 2716; x_wconf 77' lang='lat' dir='ltr'>Rursum</span> <span class='ocrx_word' id='word_1_345' title='bbox 2170 2682 2216 2718; x_wconf 81' lang='lat' dir='ltr'>de</span> 
     </span>
     <span class='ocr_line' id='line_1_52' title="bbox 1221 2738 2216 2786; baseline -0.002 -11"><span class='ocrx_word' id='word_1_346' title='bbox 1221 2739 1290 2775; x_wconf 86' lang='lat' dir='ltr'>hae</span> <span class='ocrx_word' id='word_1_347' title='bbox 1311 2747 1409 2775; x_wconf 84' lang='lat' dir='ltr'>terra</span> <span class='ocrx_word' id='word_1_348' title='bbox 1426 2738 1607 2786; x_wconf 77' lang='lat' dir='ltr'>seriptum</span> <span class='ocrx_word' id='word_1_349' title='bbox 1630 2745 1683 2771; x_wconf 82' lang='lat' dir='ltr'>est</span> <span class='ocrx_word' id='word_1_350' title='bbox 1706 2751 1712 2771; x_wconf 91' lang='lat'>:</span> <span class='ocrx_word' id='word_1_351' title='bbox 1733 2741 2062 2784; x_wconf 69' lang='lat' dir='ltr'>.·lpe1·iatm·terra,</span> <span class='ocrx_word' id='word_1_352' title='bbox 2083 2747 2116 2772; x_wconf 80' lang='lat' dir='ltr'>et</span> <span class='ocrx_word' id='word_1_353' title='bbox 2129 2752 2216 2785; x_wconf 63' lang='lat' dir='ltr'>ger-</span> 
     </span>
     <span class='ocr_line' id='line_1_53' title="bbox 1223 2795 2215 2846; baseline 0 -13"><span class='ocrx_word' id='word_1_354' title='bbox 1223 2797 1379 2833; x_wconf 72' lang='lat' dir='ltr'>minabit</span> <span class='ocrx_word' id='word_1_355' title='bbox 1408 2800 1633 2831; x_wconf 66' lang='lat' dir='ltr'>.S”11l‹¹at0rem</span> <span class='ocrx_word' id='word_1_356' title='bbox 1650 2798 1675 2830; x_wconf 68' lang='lat'>³¹.</span> <span class='ocrx_word' id='word_1_357' title='bbox 1711 2799 1849 2844; x_wconf 79' lang='lat' dir='ltr'>Aperta</span> <span class='ocrx_word' id='word_1_358' title='bbox 1877 2795 2018 2845; x_wconf 85' lang='lat' dir='ltr'>quippe</span> <span class='ocrx_word' id='word_1_359' title='bbox 2049 2796 2115 2831; x_wconf 81' lang='lat' dir='ltr'>suit</span> <span class='ocrx_word' id='word_1_360' title='bbox 2149 2810 2215 2846; x_wconf 81' lang='lat' dir='ltr'>per</span> 
     </span>
     <span class='ocr_line' id='line_1_54' title="bbox 1219 2854 2213 2904; baseline -0.002 -11"><span class='ocrx_word' id='word_1_361' title='bbox 1219 2857 1352 2902; x_wconf 80' lang='lat' dir='ltr'>fidem,</span> <span class='ocrx_word' id='word_1_362' title='bbox 1374 2856 1531 2893; x_wconf 71' lang='lat' dir='ltr'>credens</span> <span class='ocrx_word' id='word_1_363' title='bbox 1557 2864 1591 2890; x_wconf 84' lang='lat' dir='ltr'>et</span> <span class='ocrx_word' id='word_1_364' title='bbox 1619 2854 1801 2890; x_wconf 73' lang='lat' dir='ltr'>obediens</span> <span class='ocrx_word' id='word_1_365' title='bbox 1830 2855 1964 2904; x_wconf 74' lang='lat' dir='ltr'>angelo</span> <span class='ocrx_word' id='word_1_366' title='bbox 1989 2870 1996 2890; x_wconf 89' lang='grc'>;</span> <span class='ocrx_word' id='word_1_367' title='bbox 2024 2857 2213 2903; x_wconf 67' lang='lat' dir='ltr'>germina-</span> 
     </span>
     <span class='ocr_line' id='line_1_55' title="bbox 1219 2915 2210 2964; baseline 0 -12"><span class='ocrx_word' id='word_1_368' title='bbox 1219 2917 1346 2964; x_wconf 82' lang='lat' dir='ltr'>vitque</span> <span class='ocrx_word' id='word_1_369' title='bbox 1381 2916 1493 2951; x_wconf 67' lang='lat' dir='ltr'>vitam</span> <span class='ocrx_word' id='word_1_370' title='bbox 1527 2915 1746 2959; x_wconf 71' lang='lat' dir='ltr'>salutarent,</span> <span class='ocrx_word' id='word_1_371' title='bbox 1775 2915 2006 2951; x_wconf 78' lang='lat' dir='ltr'>Salvatorem</span> <span class='ocrx_word' id='word_1_372' title='bbox 2038 2924 2210 2952; x_wconf 84' lang='lat' dir='ltr'>nostrum</span> 
     </span>
     <span class='ocr_line' id='line_1_56' title="bbox 1219 2973 2212 3024; baseline 0 -13"><span class='ocrx_word' id='word_1_373' title='bbox 1219 2984 1367 3011; x_wconf 65' lang='lat' dir='ltr'>retertur</span> <span class='ocrx_word' id='word_1_374' title='bbox 1405 2974 1491 3010; x_wconf 65' lang='lat' dir='ltr'>vitae</span> <span class='ocrx_word' id='word_1_375' title='bbox 1529 2973 1682 3022; x_wconf 76' lang='lat' dir='ltr'>pra=u¹ia</span> <span class='ocrx_word' id='word_1_376' title='bbox 1712 2973 1944 3021; x_wconf 69' lang='lat' dir='ltr'>iargientem.</span> <span class='ocrx_word' id='word_1_377' title='bbox 1972 2977 2048 3009; x_wconf 81' lang='lat' dir='ltr'>llae</span> <span class='ocrx_word' id='word_1_378' title='bbox 2087 2974 2212 3024; x_wconf 84' lang='lat' dir='ltr'>itaque</span> 
     </span>
     <span class='ocr_line' id='line_1_57' title="bbox 1218 3033 2211 3084; baseline 0.002 -15"><span class='ocrx_word' id='word_1_379' title='bbox 1218 3036 1292 3070; x_wconf 72' lang='lat' dir='ltr'>vite</span> <span class='ocrx_word' id='word_1_380' title='bbox 1319 3042 1443 3069; x_wconf 69' lang='lat' dir='ltr'>nostra</span> <span class='ocrx_word' id='word_1_381' title='bbox 1472 3034 1507 3068; x_wconf 90' lang='lat' dir='ltr'>in</span> <span class='ocrx_word' id='word_1_382' title='bbox 1541 3033 1660 3068; x_wconf 71' lang='lat' dir='ltr'>lucem</span> <span class='ocrx_word' id='word_1_383' title='bbox 1686 3033 1783 3069; x_wconf 85' lang='lat' dir='ltr'>edita</span> <span class='ocrx_word' id='word_1_384' title='bbox 1804 3033 1975 3082; x_wconf 74' lang='lat' dir='ltr'>qua-dam</span> <span class='ocrx_word' id='word_1_385' title='bbox 1999 3036 2211 3084; x_wconf 71' lang='lat' dir='ltr'>proprieta-</span> 
     </span>
     <span class='ocr_line' id='line_1_58' title="bbox 1217 3091 2085 3129; baseline -0.001 0"><span class='ocrx_word' id='word_1_386' title='bbox 1217 3103 1270 3129; x_wconf 83' lang='lat' dir='ltr'>tes</span> <span class='ocrx_word' id='word_1_387' title='bbox 1293 3094 1448 3129; x_wconf 70' lang='lat' dir='ltr'>cultura·</span> <span class='ocrx_word' id='word_1_388' title='bbox 1470 3092 1554 3128; x_wconf 74' lang='lat' dir='ltr'>vitis</span> <span class='ocrx_word' id='word_1_389' title='bbox 1572 3092 1773 3128; x_wconf 78' lang='lat' dir='ltr'>attinentes</span> <span class='ocrx_word' id='word_1_390' title='bbox 1793 3091 1969 3128; x_wconf 68' lang='lat' dir='ltr'>:uthibitre</span> <span class='ocrx_word' id='word_1_391' title='bbox 1987 3102 2085 3129; x_wconf 75' lang='lat' dir='ltr'>suut.</span> 
     </span>
    </p>
   </div>
   <div class='ocr_carea' id='block_1_19' title="bbox 1067 3290 1447 3323">
    <p class='ocr_par' dir='ltr' id='par_1_19' title="bbox 1067 3290 1447 3323">
     <span class='ocr_line' id='line_1_59' title="bbox 1067 3290 1447 3323; baseline 0.005 -5"><span class='ocrx_word' id='word_1_392' title='bbox 1067 3293 1122 3319; x_wconf 57' lang='lat'>5³³.</span> <span class='ocrx_word' id='word_1_393' title='bbox 1147 3308 1185 3311; x_wconf 90' lang='lat'><strong>—</strong></span> <span class='ocrx_word' id='word_1_394' title='bbox 1208 3290 1219 3315; x_wconf 66' lang='grc'>-1</span> <span class='ocrx_word' id='word_1_395' title='bbox 1238 3291 1308 3320; x_wconf 73' lang='lat' dir='ltr'>lsai.</span> <span class='ocrx_word' id='word_1_396' title='bbox 1324 3301 1399 3323; x_wconf 58' lang='lat' dir='ltr'>xiv,</span> <span class='ocrx_word' id='word_1_397' title='bbox 1418 3295 1447 3320; x_wconf 66' lang='grc' dir='ltr'>Η.</span> 
     </span>
    </p>
   </div>
  </div>
 </body>
</html>
