2418 3949
79 162 152 198 453

614 165 844 200 EPISTOLA
873 167 940 200 AD
969 164 1187 200 FRATRES
1217 164 1280 198 DE
1309 165 1588 201 MONTE-DEI.

75 239 248 290 suppleat
262 240 399 290 pietas,
414 252 455 276 ac
472 240 624 276 devotio
641 241 878 277 conscientiae
898 238 1099 277 humilis‚²¹

2050 162 2122 198 4:34

1108 238 1271 289 ⁹corpus
1285 240 1385 276 unde
1399 241 1520 286 vivat,
1539 241 1608 277 nisi
1628 241 1674 277 de
1692 241 1826 290 spiritu
1847 253 1916 278 suo
1933 255 1941 276 τ
1963 239 2016 276 sic
2035 239 2123 275 asfe-

76 299 157 336 Sint
174 299 282 336 nobis
302 300 475 348 lacrymae
496 308 633 336 nostrae
653 313 766 349 panes
786 300 846 336 die
866 313 908 336 ac
925 308 1055 344 nocte,
1079 301 1109 333 A
1128 307 1210 335 ctus
1224 299 1407 345 hominis,
1428 301 1493 349 qui
1513 313 1620 337 amor
1638 300 1797 346 dicitur,
1820 313 1899 337 non
1915 300 2027 344 vivit,
2046 299 2119 335 hoc

77 359 256 407 quamdiu
285 359 422 396 dicitur
448 360 581 395 animae
602 367 759 404 nostrae,
788 358 863 397 Ubi
889 367 945 395 est
966 362 1066 395 Deus

78 419 186 453 tuus?
202 418 273 454 hoc
287 427 341 455 est
354 447 364 463 ,
384 418 564 467 quamdiu
583 418 846 467 peregrinatur
862 431 882 454 a
904 417 1066 453 Domino

76 480 155 514 Deo
177 487 307 514 nostro
321 506 330 522 ,
351 487 387 514 et
405 491 425 514 a
445 478 586 514 lumine
604 477 731 513 vultus
747 477 817 513 sui.
837 480 965 514 Unum
984 476 1067 525 qui-

77 536 160 574 dem
182 547 262 574 erat
282 537 530 574 necessarium
551 552 558 573 :
580 537 643 573 sed
664 537 728 586 qui
746 550 814 572 nec
834 537 870 572 in
891 548 968 572 uno
988 536 1067 584 ligi-

76 609 181 642 mur,
204 610 273 634 nec
292 598 329 633 in
351 597 478 633 multis
503 609 748 641 exercemur,
770 597 808 632 in
829 608 905 644 quo
932 594 1065 631 ordine

74 656 406 706 computabimur?
431 656 582 694 Utinam
605 669 690 692 cum
712 656 776 692 illo
797 655 843 692 de
863 669 939 704 quo
957 660 1065 704 Apo-

73 716 191 752 stolus
225 716 315 752 dicit
351 730 358 752 :

73 783 194 810 autem
214 779 252 810 In
272 788 353 810 enm
377 779 442 823 qltl'
451 776 639 822 justificat
664 779 817 823 impium
830 805 841 820 ‚
873 783 1068 824 reputatur

60 835 166 882 fides
178 839 258 881 ejus
272 836 513 880 adjustitiam
528 836 725 869 secundum
735 840 963 883 propositum
976 847 1066 882 gra-

73 897 140 929 tioe
162 896 272 929 De1'1.
293 893 447 931 Utinam
465 906 550 930 cum
569 893 797 943 peccatrice,
820 893 880 930 cui
903 894 1064 930 multum

74 952 268 989 dimissum
290 961 366 998 est,
390 953 479 1002 quia
505 953 666 989 multum
695 952 869 998 dilexit23
897 961 934 989 et
956 953 1065 990 beata

398 719 448 752 Ei
475 720 537 763 qui
571 729 643 750 mm
675 725 867 764 operatur,
901 718 1065 751 credenti

73 1011 198 1049 anima
225 1011 297 1049 hoc
319 1010 465 1061 judicio
486 1011 588 1062 apud
611 1015 734 1048 Deum
754 1012 936 1049 meruerit
952 1011 1066 1061 justi-
1087 1012 1114 1046 B
1133 1019 1170 1047 et
1194 1011 1388 1061 passiones
1407 1019 1625 1047 sanctorum
1652 1024 1659 1046 ε

73 1071 196 1117 ficari,
212 1070 357 1120 judicio
387 1071 622 1121 diligentium
651 1084 791 1108 nomen
813 1072 993 1118 Domini3
1025 1081 1067 1108 ut

74 1131 209 1167 omissa
225 1131 329 1167 omni
343 1130 490 1180 justitia
505 1144 664 1180 operum
676 1159 686 1176 ,
704 1139 742 1167 et
760 1129 898 1167 fiducia
916 1131 1068 1167 merito—

74 1203 157 1227 rum
171 1218 181 1236 ,
202 1191 238 1226 in
259 1190 333 1227 hoc
358 1191 441 1228 solo
459 1190 705 1239 justificetur,
726 1190 910 1239 quoniam
936 1189 1068 1226 dilexit

74 1251 247 1287 multum.
265 1253 360 1288 Nam
381 1251 419 1287 in
443 1250 633 1300 diligendo
653 1258 706 1296 te,
721 1253 844 1294 Deus,
868 1249 1066 1286 retributio

73 1323 208 1360 magna
238 1319 294 1347 est
322 1310 491 1360 diligenti
526 1310 766 1347 conscientiae
798 1310 880 1359 ipsa
914 1309 1067 1346 dilectio

75 1379 155 1416 tua,
171 1370 308 1407 deinde
328 1383 418 1408 vero
433 1371 510 1407 vita
527 1379 678 1407 aeterna.
700 1370 774 1415 Sic,
795 1370 947 1415 fratres,
963 1368 1072 1405 obse-

74 1443 138 1467 cro
163 1443 250 1476 vos,
280 1443 358 1467 non
383 1443 607 1466 excusemus
636 1442 727 1474 nos,
759 1429 821 1465 sed
850 1442 1069 1465 accusemus

74 1503 163 1536 nos,
182 1498 219 1526 et
235 1491 496 1526 confiteamur.
517 1493 564 1526 Et
582 1489 645 1538 qui
662 1489 786 1537 magni
803 1489 969 1525 nominis
985 1501 1068 1524 um-

73 1549 201 1594 bram,
220 1557 257 1585 et
275 1549 479 1598 personale
496 1548 687 1598 quoddam
706 1549 923 1598 figmentum
941 1549 1068 1597 perfe-

75 1609 211 1646 ctionis
243 1609 344 1659 apud
373 1609 546 1645 homines
572 1608 784 1653 induimus;
815 1607 916 1657 apud
944 1611 1067 1644 Deum

74 1669 314 1706 conscientiae
333 1677 471 1706 nostrae
492 1676 763 1717 cognoscentes
783 1675 1044 1717 paupertatem
1057 1696 1066 1712 ,

75 1742 151 1765 non
175 1741 443 1778 usquequaque
459 1727 680 1764 recedamus
702 1741 723 1764 a
743 1728 901 1764 veritate
914 1755 923 1772 ,
944 1735 982 1762 et
997 1739 1066 1762 ve-

80 1788 170 1824 ritas
189 1786 362 1824 liberabit
379 1799 458 1824 nos.

415 1911 591 1950 CAPUT
620 1911 734 1951 XIV.

81 2025 248 2066 Quomodo
266 2024 406 2056 animalis
421 2024 581 2067 incipiens,
599 2036 652 2056 seu
665 2025 724 2055 tiro
741 2024 900 2066 religiosus
913 2025 1071 2057 docendus

136 2079 175 2110 sit
191 2079 440 2121 appropinquare
459 2081 526 2109 Deo
545 2090 600 2121 per
617 2089 753 2110 amorem
773 2084 802 2109 et
820 2079 1004 2110 orationem.

127 2199 188 2235 42.
215 2198 360 2235 Deinde
381 2198 575 2235 docendus
596 2206 651 2234 est
668 2199 839 2235 animalis
861 2198 1065 2247 incip³ens‚

75 2266 112 2295 et
130 2258 263 2295 Christi
286 2258 496 2294 tirunculus
518 2260 598 2294 Deo
621 2257 948 2306 appropinquare,
971 2266 1012 2294 ut
1031 2266 1067 2294 et

75 2320 176 2354 Dens
196 2317 479 2367 appropinquet
498 2317 544 2353 ei.
566 2318 624 2354 Sic
645 2318 744 2353 enini
767 2316 949 2353 admonet
976 2331 1069 2367 pro-

76 2376 191 2427 pheta
215 2391 223 2413 z
250 2379 564 2426 Appropinquale
583 2380 682 2422 Deo,
706 2386 741 2413 et
760 2382 840 2425 ipse
858 2382 1068 2426 appropin-

77 2435 201 2484 quabit
226 2434 366 2472 vobis³.
401 2439 484 2473 Non
517 2436 638 2472 solum
664 2436 764 2471 enim
795 2435 985 2472 faciendus
1013 2445 1069 2473 est

76 2494 190 2531 homo
206 2503 243 2532 et
259 2495 499 2541 formandus,
520 2496 585 2532 sed
605 2504 641 2531 et
663 2495 919 2532 vivificandus.
941 2497 1067 2533 Primo

1131 367 1187 395 est
1218 372 1294 395 non
1325 368 1424 396 amat
1454 363 1596 405 Deum,
1624 361 1694 396 nisi
1723 360 1769 396 de
1804 360 1946 410 Spiritu
1976 366 2119 396 sancto.

1131 423 1310 455 Amorem
1336 431 1425 467 ergo
1450 420 1537 465 Dei,
1560 421 1597 456 in
1627 420 1779 456 homine
1798 433 1846 456 ex
1870 419 1989 469 gratia
2015 418 2122 468 geni—

1132 486 1211 514 tum
1226 507 1234 523 ‚
1251 479 1362 515 lactat
1377 480 1508 525 lectio,
1527 479 1719 516 meditatio
1738 480 1875 529 pascit,
1891 480 2012 516 oratio
2032 491 2125 516 con-

1133 537 1246 573 fortat
1275 546 1312 574 et
1344 539 1542 575 illuminat.
1575 539 1738 576 Animali
1771 552 1862 575 vero
1889 547 1927 575 et
1954 551 2055 575 novo
2084 538 2122 574 in

1133 597 1279 634 Christo
1309 597 1454 633 homini
1486 597 1532 634 ad
1561 597 1802 634 exercitanda
1831 597 1912 646 ejus
1942 598 2123 634 interiora

1130 656 1263 692 melius
1279 665 1316 693 et
1335 657 1452 693 tutius
1477 665 1748 706 proponuntur
1770 658 1927 705 legenda
1943 666 1980 693 et
2000 657 2122 694 medi-

1129 715 1244 752 tanda
1263 716 1527 765 Redemptoris
1547 716 1665 751 nostri
1692 716 1898 761 exteriora3
1929 725 1966 752 et
1988 725 2118 753 osten-

1130 774 1232 811 ditur
1256 774 1295 810 in
1317 775 1370 811 eis
1389 775 1605 824 exemplum
1632 774 1875 819 humilitatis,
1903 776 2122 824 provocatio

1131 833 1341 880 charitatis,
1366 842 1404 870 et
1423 834 1580 871 affectus
1602 833 1752 883 pietatis
1770 848 1778 869 ε
1798 841 1835 869 et
1855 833 1902 869 de
1923 833 2124 882 Scripturis

1130 892 1266 929 sanctis
1280 901 1317 929 et
1330 901 1547 929 sanctorum
1564 891 1783 928 tractatibus
1799 895 1952 928 Patrum
1970 893 2125 929 moralia

1130 965 1291 1001 quaeque
1311 960 1349 988 et
1373 951 1557 1001 planiora.
1582 950 1836 1000 Proponenda
1855 959 1945 987 sunt
1969 952 2004 987 ei
2023 960 2124 1000 gesta

1689 1009 1755 1046 ubi
1784 1023 1853 1046 nec
1874 1009 2124 1047 laborandum

1132 1071 1166 1108 ei
1185 1071 1232 1107 sit
1260 1071 1299 1107 in
1328 1071 1485 1121 planitie
1513 1070 1720 1114 historiali,
1743 1078 1781 1105 et
1809 1082 1958 1119 semper
1985 1070 2127 1120 aliquid

1133 1139 1308 1168 occurrat
1325 1130 1428 1180 quod
1449 1130 1583 1167 novitii
1600 1129 1768 1166 animum
1786 1128 1925 1165 excitet
1941 1128 1988 1165 ad
2014 1142 2123 1165 amo-

1134 1204 1213 1227 rem
1244 1191 1313 1228 Dei
1335 1199 1373 1227 et
1392 1198 1652 1240 contemptum
1674 1189 1744 1226 sui.
1765 1191 1885 1225 Porro
1909 1188 1990 1225 aliae
2009 1188 2127 1226 histo-

1134 1250 1197 1286 riae
1226 1250 1414 1287 delectant
1443 1249 1596 1299 quidem
1624 1261 1708 1285 cum
1736 1248 1932 1297 leguntur,
1953 1247 2019 1284 sed
2049 1261 2124 1285 non

1135 1309 1339 1356 aedificant,
1369 1310 1458 1359 quin
1479 1309 1606 1359 potius
1625 1316 1788 1344 mentem
1808 1307 1979 1344 inficiunt
2000 1323 2008 1344 ε
2030 1317 2067 1345 et
2088 1309 2125 1345 in

1136 1377 1307 1418 tempore
1334 1369 1516 1405 orationis
1537 1369 1596 1404 vel
1627 1368 1833 1418 spiritualis
1852 1367 2125 1413 meditationis,

1136 1428 1281 1464 inutilia
1298 1442 1458 1477 quaeque
1478 1428 1539 1464 vel
1571 1428 1686 1464 noxia
1714 1427 1853 1463 faciunt
1873 1427 2054 1464 scaturire
2081 1427 2128 1463 de

1136 1489 1329 1525 memoria.
1348 1489 1536 1525 Lectionis
1556 1488 1698 1537 quippe
1720 1486 1874 1523 modum
1895 1487 2026 1523 similis
2046 1501 2128 1524 me—

1135 1547 1267 1584 ditatio
1287 1548 1393 1598 seqni
1410 1548 1519 1584 solet.
1538 1547 1760 1584 Difficilium
1782 1547 1892 1583 etiam
1910 1546 2020 1583 lectio
2038 1547 2129 1583 scri—

1133 1614 1332 1655 pturarum
1363 1607 1510 1656 fatigat,
1539 1619 1614 1642 non
1644 1606 1762 1642 reficit
1792 1605 2018 1642 teneriorem
2045 1606 2128 1642 ani-

1133 1678 1235 1701 mum
1254 1680 1262 1701 z
1282 1665 1418 1714 frangit
1439 1665 1687 1701 intentionem
1702 1693 1711 1710 ,
1732 1663 1884 1702 hebetat
1900 1676 2051 1700 sensum
2071 1665 2128 1700 vel

1132 1724 1335 1773 ingenium.

1191 1785 1253 1821 43.
1277 1784 1480 1821 Doccndus
1499 1793 1555 1820 est
1577 1784 1686 1820 etiam
1709 1784 1747 1819 in
1768 1783 1941 1820 oratione
1960 1797 2026 1820 sua
2043 1797 2128 1820 sur—

1136 1855 1216 1879 sum
1238 1857 1304 1879 cor
1326 1844 1468 1889 levare,
1490 1843 1736 1892 spiritualiter
1757 1856 1886 1887 orare,
1913 1856 1933 1878 a
1953 1844 2127 1893 corpori-

1135 1901 1205 1939 bus
1229 1904 1287 1939 vel
1309 1916 1512 1952 corporum
1538 1901 1785 1951 imaginibus,
1807 1915 1891 1938 cum
1912 1906 2033 1939 Deum
2059 1916 2127 1939 co—

1135 1964 1246 2012 gitat,
1268 1972 1452 2012 quantum
1480 1972 1606 2013 potest
1635 1963 1824 1999 recedere.
1856 1962 2130 1999 Admonendus

1137 2031 1192 2058 cst
1212 2030 1352 2071 quanta
1379 2030 1503 2072 potest
1533 2022 1698 2071 puritate
1724 2021 1847 2058 cordis
1874 2021 2071 2058 intendere
2092 2022 2129 2058 in

1135 2095 1243 2127 eum,
1276 2082 1335 2117 cui
1365 2082 1589 2118 sacrificium
1620 2082 1802 2118 orationis
1826 2094 1902 2117 suae
1928 2082 2061 2126 oll'ert3
2092 2095 2130 2118 se

1135 2143 1257 2192 ipsum
1291 2141 1486 2178 attendere
1519 2142 1582 2191 qui
1617 2142 1752 2187 offert,
1788 2142 1997 2190 intelligere
2025 2143 2127 2191 quod

1135 2202 1246 2238 offert
1267 2216 1274 2237 :
1297 2209 1479 2250 quantum
1504 2202 1602 2237 enim
1625 2200 1748 2246 videt,
1770 2201 1829 2236 vel
1850 2200 2023 2249 intelligit
2042 2214 2127 2237 cum

1135 2261 1195 2297 cui
1214 2260 1346 2305 offert,
1372 2268 1516 2296 tantum
1536 2260 1570 2296 ei
1590 2260 1628 2295 in
1653 2259 1789 2295 affectu
1815 2267 1890 2304 est,
1911 2266 1948 2294 et
1967 2259 2000 2295 ei
2024 2272 2130 2296 amor

1135 2319 1215 2368 ipse
1229 2327 1284 2355 est
1304 2319 1536 2364 intellectus;
1554 2327 1816 2368 quantumque
1833 2319 1914 2367 ipse
1933 2319 1966 2354 ei
1984 2319 2020 2354 in
2040 2319 2130 2355 affe-

1135 2386 1197 2414 ctu
1216 2386 1293 2423 est,
1329 2387 1473 2415 tantum
1503 2378 1600 2427 sapit
1626 2378 1659 2414 ei
1679 2378 1751 2414 hoc
1772 2378 1894 2426 ipsum
1923 2378 1952 2414 si
1974 2378 2129 2427 dignum

1133 2442 1214 2475 Deo
1232 2447 1287 2475 est
1304 2439 1406 2488 quod
1427 2439 1562 2475 offert:
1581 2447 1618 2475 et
1636 2438 1672 2474 in
1695 2451 1740 2475 eo
1761 2437 1831 2475 sibi
1852 2437 1948 2474 bene
1964 2447 2031 2475 est.
2050 2441 2131 2475 Hu-

1131 2496 1298 2545 jusmodi
1316 2497 1458 2533 homini
1477 2497 1599 2533 oranti
1619 2498 1677 2533 vcl
1697 2496 1913 2541 meditanti,
1937 2498 2068 2533 melius
2088 2511 2130 2534 ac

76 2555 175 2591 enim
197 2555 371 2592 formavit
392 2560 492 2592 Deus
513 2556 703 2592 hominem
727 2571 734 2591 :
755 2555 891 2592 deinde
906 2556 1067 2605 inspira·
1086 2562 1116 2595 D
1138 2558 1277 2601 tutius,
1300 2556 1486 2605 sicutjam
1505 2556 1647 2593 dictum
1670 2565 1743 2600 est,
1765 2556 1992 2605 proponitur
2007 2557 2129 2606 imago

76 2613 182 2650 vitiu
198 2614 327 2651 faciem
349 2614 432 2663 ejus
453 2615 681 2664 spiraculum
699 2616 805 2660 vitae,
825 2624 861 2651 et
882 2616 999 2652 factus
1015 2625 1071 2652 est

76 2672 191 2710 homo
219 2674 257 2710 in
282 2675 444 2710 animam
468 2675 655 2711 viventem
669 2674 694 2711 ⁴.
728 2675 919 2712 Formatio
947 2675 1071 2712 homi—

76 2732 184 2776 nis‘¹,
215 2733 401 2770 institutio
428 2741 483 2769 est
512 2734 665 2770 moralis
693 2748 700 2770 z
732 2734 807 2769 vita
835 2733 932 2782 ejus,
964 2747 1072 2770 amor

76 2792 156 2829 Dei.
173 2796 284 2830 Hunc
301 2793 392 2829 fides
408 2793 593 2842 concipit,
609 2806 694 2842 spes
708 2793 893 2842 parturit,
910 2793 989 2842 ipse
1006 2807 1044 2829 se
1054 2792 1071 2815 ¹2

78 2850 213 2888 format
238 2860 274 2888 et
301 2852 477 2888 viviticat.
500 2856 617 2889 Amor
638 2852 736 2887 enim
758 2852 848 2897 Dei,
876 2853 936 2888 vel
964 2866 1072 2888 amor

75 2912 176 2947 Deus
193 2911 353 2961 Spiritus
375 2920 545 2957 sanctus,
567 2912 685 2948 ainori
707 2912 869 2948 hominis
888 2925 926 2948 se
945 2913 1071 2948 infun-

77 2969 168 3006 dens
182 2999 191 3015 ,
211 2971 324 3007 aflicit
343 2984 427 3008 eum
447 2971 530 3007 sibi.
555 2974 599 3007 Et
619 2984 747 3008 amans
765 2972 1006 3020 semetipsum
1025 2972 1070 3008 de

76 3029 228 3067 homine
253 3034 374 3076 Deus,
397 3045 523 3068 secum
544 3045 662 3068 unum
680 3031 814 3077 officit,
837 3040 873 3067 et
897 3032 1068 3080 spiritum

77 3087 176 3136 ejus,
205 3098 242 3126 et
272 3103 438 3128 amorem
471 3091 564 3140 ejus.
590 3092 693 3128 Sicut
718 3091 818 3127 enim
851 3104 927 3127 non
959 3090 1070 3127 habet

126 3213 133 3226 ¹
155 3209 246 3238 Rom.
261 3219 303 3238 iv.
325 3213 410 3240 5.-
428 3215 440 3231 ²
454 3214 528 3242 Luc.
547 3222 608 3246 vn.
628 3213 682 3242 47.
698 3228 740 3233 ——
757 3208 894 3241 3Jacobi
917 3221 961 3245 iv,
980 3212 1009 3240 8.
1028 3229 1069 3233 -=
1090 3210 1102 3235 4
1120 3213 1199 3241 Gen.
1219 3222 1254 3248 ιι,
1272 3213 1301 3240 7.

1137 2616 1346 2653 Dominicae
1375 2616 1651 2661 Humanitatis,
1673 2615 1884 2652 Nativitatis
1908 2615 2011 2663 ejus,
2040 2620 2130 2653 Pas-

1136 2676 1254 2713 sionis
1280 2684 1316 2711 ct
1337 2675 1637 2712 Resurrectionis
1660 2690 1666 2711 :
1687 2683 1727 2710 ut
1758 2675 1929 2710 infirmus
1957 2676 2128 2720 animus,

1136 2735 1201 2784 qui
1220 2748 1294 2771 non
1314 2735 1418 2771 novit
1440 2735 1605 2784 cogitare
1626 2734 1696 2770 nisi
1718 2747 1878 2783 corpora
1898 2742 1933 2769 et
1950 2747 2131 2784 corpora-

1137 2795 1207 2839 lia,
1244 2794 1377 2831 habeat
1406 2794 1547 2843 aliquid
1580 2794 1638 2829 cui
1673 2807 1710 2830 se
1743 2794 1898 2836 alliciat,
1932 2795 1990 2830 cui
2021 2794 2130 2842 juxta

1138 2854 1293 2890 niodum
1326 2867 1435 2890 suum
1470 2854 1618 2903 pictatis
1656 2853 1791 2889 intuitu
1839 2853 2029 2890 inhaereat.
2067 2858 2129 2891 Est

1136 2914 1279 2964 quippe
1297 2915 1332 2950 in
1353 2915 1471 2950 forma
1494 2913 1730 2957 Mediatoris‚
1754 2914 1789 2949 in
1813 2927 1908 2962 qun,
1929 2914 2023 2949 sicut
2045 2915 2131 2963 legi-

1138 2982 1198 3009 tur
1225 2974 1260 3009 in
1284 2973 1357 3010 ,lob
1372 3001 1380 3016 ,
1404 2977 1562 3008 ‘visimus
1591 2974 1698 3007 lmmo
1724 2978 1880 3022 ›prriae’m
1904 2987 2008 3008 sumn
2024 3004 2031 3017 ‚
2056 2989 2130 3010 non

1130 3031 1282 3080 pem-effi
1308 3047 1314 3067 :
1347 3033 1417 3068 hnc
1448 3041 1525 3077 cst,
1558 3045 1642 3068 cum
1671 3032 1891 3068 intentionis
1916 3046 1990 3068 sua¹
2015 3034 2129 3068 iutui-

1136 3100 1214 3128 tum
1235 3093 1270 3128 in
1293 3105 1378 3128 cum
1400 3092 1551 3141 dirigit,
1575 3093 1776 3129 humanam
1803 3093 1839 3128 in
1861 3096 1938 3129 Deo
1968 3094 2128 3141 speciem

1324 3230 1361 3233 <*
1376 3209 1387 3232 ⁵
1400 3211 1461 3242 Job
1478 3222 1507 3248 v,
1529 3214 1544 3241 ἱ),
1557 3213 1579 3241 i.

121 3270 135 3285 ⁴¹
152 3265 236 3296 Alias
253 3266 387 3305 additur,
406 3267 594 3312 spiraculum
612 3268 744 3300 hominis
759 3293 766 3304 ,
784 3269 898 3312 prima.
913 3269 937 3307 †
957 3288 995 3290 -ψ
1013 3269 1027 3289 ¹*
1043 3269 1144 3305 Alias,
1167 3268 1316 3299 charitas.
1335 3281 1359 3307 ·,·
