2504 3928
278 234 343 263 ι)-.

279 258 286 266 ⁴
311 251 350 268 en)

894 237 910 268 Χ
927 237 1015 270 l'l'lS
1038 235 1264 276 nmmos,
1297 234 1381 269 stit,
1416 234 1696 268 'l'lth'l'A'l'US

277 311 429 358 spiritus
457 311 657 346 exsultavit
689 310 726 345 in
747 313 826 346 Deo
860 309 1010 345 salutari
1043 317 1150 353 suo¹,
1180 323 1263 358 qua:
1281 309 1390 352 ‘¹¹⁸⁴te,
1413 309 1441 344 si
1473 308 1662 344 famelicus
1685 320 1723 343 es

2239 232 2313 265 97ss

1752 322 1758 343 :
1787 307 1814 343 si
1836 307 1974 350 esuris,
1999 305 2156 343 verbum
2185 315 2252 343 est.
2275 310 2316 343 lu

282 369 444 404 nominis
466 368 577 416 liujus
606 369 777 405 salutaris
803 367 958 403 odorem
983 377 1086 404 tanto
1115 369 1267 405 suavius
1287 373 1313 405 A
1336 368 1406 403 boe
1426 366 1543 403 verbo
1567 367 1630 402 l)ei
1648 366 1779 415 optimi
1800 369 1886 402 Jesu
1906 365 2050 402 invenis
2075 365 2177 414 quod
2203 374 2238 401 te
2261 378 2317 401 sa-

283 434 504 471 attr.·i.xerat,
527 426 803 475 perfectiusque
839 435 1021 470 senserat,
1046 436 1186 475 ‹ptanto
1216 426 1265 462 illi

282 485 353 520 lide
368 514 376 529 ‚
412 498 478 534 spe
493 513 503 531 ,
535 494 571 521 et
605 485 782 521 cliaritate
815 484 972 520 vicinior
1006 486 1148 529 fuerat,
1185 499 1269 534 qua¹

285 547 406 592 ipsum
428 545 473 580 de
494 545 569 580 suis
595 544 800 580 visceribus
817 552 1017 593 genuerat,
1039 558 1173 593 nempe
1205 558 1269 580 ve-

282 617 364 639 rum
380 612 417 639 et
433 603 638 652 perfectum
656 606 775 638 Deum
796 611 833 637 et
853 602 1058 648 bominem,
1070 603 1267 638 salutarem

279 666 418 698 jesum.
443 666 524 699 Non
546 660 744 709 ignorabat
772 660 870 696 enim
895 660 1054 710 qualiter
1070 661 1149 696 sine
1167 661 1269 696 omni

281 722 420 757 carnali
441 720 746 769 concupiscentia
768 727 993 768 conceptus,
1014 719 1174 767 qualiter
1191 719 1270 755 sine

281 783 384 816 omni
402 781 534 817 dolore
559 793 606 816 ex
631 779 709 829 ipsa
731 787 859 823 uatus;
882 778 1076 826 quomodo
1097 792 1118 814 a
1143 787 1270 827 pasto-

286 840 388 876 ribus
411 839 632 889 praedicatus
645 868 653 883 ‚
681 838 875 887 quomodo
893 852 912 873 a
931 838 1045 887 Magis
1067 837 1242 873 adoratus
1258 865 1267 880 ‚

281 900 476 948 ‹puumulo
495 900 665 948 virgineo
688 900 781 935 laete
801 912 869 934 suo
886 899 1062 942 murinis,
1078 898 1270 946 ‹pioniodo

281 973 299 994 a
323 960 496 996 Simeone
516 967 551 994 et
571 964 679 995 Anna
695 958 992 994 commendatus.
1010 960 1171 993 Noverat
1185 986 1194 1001 ,
1216 958 1272 993 iu—

285 1031 419 1066 quam,
451 1018 528 1053 luce.
554 1017 697 1061 (nullia,
725 1026 761 1052 et
790 1017 909 1052 multo
941 1017 1045 1065 plura
1076 1016 1182 1065 virgo
1212 1016 1271 1052 illa

1336 426 1398 461 tiet
1416 454 1424 468 ‚
1450 427 1478 461 si
1511 426 1619 461 dictis
1647 434 1683 461 et
1718 425 1821 461 factis
1853 424 1933 472 ejus
1965 438 2092 460 aurem
2114 424 2238 461 cordis
2266 423 2317 460 tui

1336 486 1424 520 vetis
1445 485 1634 520 inclinare.
1652 489 1765 522 Sauat
1788 484 1885 519 cuim
1907 483 2068 519 animam
2092 483 2317 519 esurientem

1334 545 1517 593 quidquid
1539 544 1633 580 dixit
1661 543 1720 579 vel
1746 543 1830 579 fecit
1856 543 1974 579 duleis
2003 547 2125 579 Jesus.
2151 541 2262 589 Quod
2289 541 2319 577 si

1335 604 1452 639 esuris
1469 613 1505 639 ct
1530 603 1607 639 sitis
1623 602 1827 651 justitiam,
1850 601 1993 638 sanabit
2011 610 2045 638 te
2063 600 2219 637 verbum
2245 600 2320 635 oris

1335 661 1436 710 ejus,
1463 662 1525 710 qui
1559 661 1651 697 ‹lisit
1677 676 1684 697 z
1717 664 1824 697 Beati
1843 665 1909 709 qni
1939 665 2104 696 esuriunt
2135 669 2171 694 ec
2193 663 2320 694 sitiunt

1328 723 1539 766 saisinam,
1561 725 1738 768 qnoniam
1771 725 1840 768 ipsi
1870 719 2132 756 saturabuntur
2144 717 2172 756 ³.
2199 717 2321 756 Addet

1335 795 1487 829 quoque
1516 781 1636 828 ignem
1665 779 1711 816 ad
1737 781 1860 816 oleum
1892 794 1899 816 :
1925 779 2025 828 quod
2059 779 2146 815 lmic
2180 776 2322 814 nomini

1336 845 1421 876 Jcsu
1438 841 1580 888 optime
1600 839 1775 876 convenit
1790 854 1799 884 ;
1817 840 1902 888 quia
1924 838 2036 887 liujus
2060 838 2224 874 nominis
2244 840 2323 876 vir-

1338 908 1414 935 tute
1434 899 1522 935 lides
1538 900 1794 942 confirmatur,
1808 899 1966 934 cliaritas
1979 898 2198 934 exardescit.
2212 900 2322 935 Pauci

1338 959 1436 994 cuim
1458 959 1567 994 {idem
1596 958 1807 994 babuerunt
1826 966 1911 993 ante
1940 956 2051 1005 liujus
2070 957 2142 993 olei
2168 958 2323 994 effusio-

1340 1032 1422 1053 nem
1437 1047 1446 1062 ‚
1469 1018 1504 1053 id
1525 1026 1597 1061 est,
1622 1025 1708 1053 ante
1737 1016 2038 1066 praedicationem
2060 1016 2222 1052 nominis
2250 1018 2324 1062 tui,

286 1077 518 1121 fidelissima,
540 1085 575 1112 et
597 1076 862 1124 perfectissima
885 1075 956 1111 lide
977 1076 1175 1111 salutarem
1196 1076 1271 1111 reri
1293 1077 1319 1109 B
1339 1093 1360 1112 o
1383 1078 1479 1114 bone
1496 1081 1581 1114 Jesu
1602 1093 1608 1114 :
1626 1078 1734 1127 pauci
1750 1077 1913 1126 igniculo
1934 1076 2125 1112 charitatis
2141 1085 2325 1112 arserunt.

283 1136 452 1171 salutaris
472 1134 700 1184 sequebatur
726 1135 894 1170 odorem.
919 1138 992 1170 Me
1019 1142 1165 1182 poterat
1195 1147 1270 1169 non

283 1208 434 1243 sperare
462 1195 498 1230 in
532 1208 640 1238 enm,
667 1208 779 1243 quem
813 1194 884 1229 lide
914 1193 1180 1242 perfectissima
1206 1207 1271 1228 co—

287 1253 489 1301 gnoscebat
519 1262 553 1288 et
585 1266 716 1302 posse,
747 1261 780 1287 et
804 1253 919 1295 scire,
950 1261 985 1287 et
1011 1252 1106 1287 velle
1128 1252 1272 1287 salvare

283 1327 414 1348 munes
452 1312 708 1347 desiderantes
741 1312 911 1347 salutem.
948 1314 1137 1357 Quantum
1172 1310 1270 1344 enim

283 1373 366 1420 quis
387 1371 528 1414 eredit,
552 1379 693 1406 tantum
729 1377 855 1418 sperat
882 1383 889 1404 ε
915 1377 1098 1416 quantmn
1125 1376 1269 1416 sperat,

284 1438 427 1465 tantum
461 1436 571 1463 aurat.
591 1431 741 1473 Quanto
765 1440 855 1475 ergo
882 1426 960 1461 baec
990 1426 1131 1474 optima
1157 1429 1274 1461 Mater

283 1487 485 1536 perfectior
509 1486 574 1522 fuit
595 1486 633 1521 in
651 1485 741 1531 lide,
761 1493 864 1520 tanto
881 1485 917 1520 in
934 1497 1000 1534 spe
1019 1485 1166 1529 fortior,
1182 1493 1219 1520 et
1236 1484 1272 1520 in

286 1546 466 1583 enaritate
496 1545 725 1590 ferventior,
752 1557 902 1580 omnem
934 1544 1138 1592 cogitatum
1166 1557 1274 1580 suum

284 1606 430 1654 jactans
458 1605 496 1641 in
520 1617 619 1640 eum.

342 1664 424 1700 142.
458 1665 590 1698 Olcum
620 1662 718 1698 enim
749 1660 909 1708 (ssimum
928 1670 981 1697 est
999 1675 1133 1697 nomen
1161 1671 1275 1697 tuum.

286 1724 437 1770 Quare?
457 1722 550 1769 Quia
573 1722 656 1758 oleo
689 1721 909 1757 nutriuntur
934 1720 1091 1766 inlirmi,
1113 1733 1276 1769 pascun-

286 1791 346 1818 tur
367 1782 540 1826 famelici,
560 1781 702 1817 lumina
722 1788 955 1829 reparantur.
979 1780 1069 1827 Quis
1086 1779 1184 1815 enim
1202 1788 1274 1816 tam

1338 1136 1408 1172 Sed
1430 1151 1514 1171 ecce
1536 1137 1595 1172 illa
1617 1136 1820 1180 effusione,
1843 1135 1973 1185 <litanti
2002 1134 2072 1170 lide
2099 1135 2325 1172 illuminati?

1338 1195 1466 1244 (planti
1492 1196 1669 1232 eliaritate
1689 1194 1992 1243 conflagrarunt?
2015 1193 2125 1229 Dedit
2148 1194 2326 1240 odorem,

1340 1255 1374 1290 id
1394 1263 1470 1299 est,
1486 1254 1623 1291 bonam
1647 1255 1801 1298 samam,
1820 1254 1944 1289 oleum
1970 1253 2136 1289 nominis
2158 1253 2208 1289 tui
2228 1254 2325 1289 effu-

1339 1326 1440 1358 sum,
1457 1313 1581 1349 oleum
1599 1317 1685 1349 Jesu
1698 1340 1707 1356 ‚
1729 1321 1767 1348 et
1788 1311 1908 1360 patuit
1936 1319 1970 1347 te
1990 1324 2069 1347 esse
2089 1311 2199 1347 ctiam
2218 1311 2326 1348 Clu-i-

1339 1380 1436 1407 stum
1451 1399 1460 1414 ‚
1481 1372 1516 1407 id
1546 1380 1601 1408 est
1619 1379 1787 1407 unctum.
1810 1371 1868 1408 Sic
1888 1372 1988 1406 enim
2019 1371 2069 1406 ait
2090 1371 2256 1407 Psalmus
2280 1371 2326 1407 de

1341 1439 1375 1465 tc
1392 1445 1399 1465 :
1424 1431 1543 1465 quic
1557 1438 1612 1474 te,
1633 1432 1750 1473 Deus,
1768 1432 1867 1465 Deus
1883 1438 1965 1464 tuus
1986 1431 2065 1464 oleo
2085 1432 2231 1465 [celitia’
2239 1444 2328 1478 pra:

1341 1489 1568 1524 consortibus
1601 1493 1670 1524 tuis
1687 1489 1713 1524 ³.
1743 1491 1842 1538 Ergo
1876 1496 1912 1523 et
1940 1488 2065 1524 oleum
2095 1497 2326 1537 unguentum

1341 1555 1416 1590 est,
1447 1547 1535 1595 quia
1566 1555 1800 1596 unguentum
1836 1546 1882 1582 de
1911 1546 1995 1582 oleo
2026 1554 2064 1582 et
2099 1547 2330 1584 aromatibus

1343 1606 1553 1642 conlicitur.
1577 1605 1675 1653 Quid
1695 1618 1784 1653 ergo
1810 1605 1969 1650 mirum,
1991 1605 2020 1641 si
2046 1604 2124 1641 liaec
2147 1605 2240 1642 Vitis
2258 1606 2328 1642 ad-

1343 1665 1549 1702 mirabilem
1578 1664 1681 1701 dedit
1703 1664 1874 1709 odorem,
1895 1677 1977 1712 quac
2006 1672 2043 1700 et
2069 1672 2181 1700 uncta
2197 1672 2272 1710 est,
2293 1673 2330 1700 et

1342 1725 1506 1772 floreus?
1524 1728 1734 1761 'Nazarenus
1753 1723 1852 1761 enim
1874 1723 2029 1760 Florens
2046 1722 2326 1771 interpretatur.

1398 1785 1482 1821 144.
1516 1784 1604 1821 Vitis
1632 1791 1758 1819 nostra
1783 1787 1892 1819 ,lesus
1912 1782 2078 1819 Christus
2095 1784 2328 1828 Nazarenus,

285 1843 480 1887 infirmus,
503 1841 568 1889 qui
586 1840 655 1876 boc
671 1840 755 1875 oleo
775 1839 945 1884 salutari,
963 1839 1117 1874 nomine
1136 1839 1277 1875 seilicet
1297 1844 1324 1879 C
1344 1844 1379 1880 id
1400 1852 1455 1879 cst
1479 1843 1671 1888 salutm—is,
1700 1850 1811 1878 uncta
1837 1850 1873 1877 et
1893 1842 2051 1886 florens,
2072 1840 2134 1889 qui
2165 1854 2241 1877 non
2271 1849 2329 1877 at-

285 1901 466 1938 salutiferi
492 1904 600 1944 Jesu,
622 1908 772 1935 curatus
801 1912 876 1934 non
904 1899 1039 1942 suerit,
1067 1898 1275 1935 dummodo

286 1962 376 1997 velit
398 1960 549 1997 curari?
568 1963 621 1996 lta
645 1959 744 1995 enim
771 1959 820 1995 ait
842 1959 921 2007 ipse
944 1959 1115 1996 Salvator
1129 1958 1276 1994 cuidam

286 2020 490 2071 languenti,
508 2019 572 2068 qui
588 2018 738 2067 jacebat
756 2018 801 2054 ad
823 2018 1002 2067 piscinam
1024 2017 1275 2067 probaticam:

291 2082 350 2114 l'1's
365 2083 484 2116 salvus
492 2079 612 2124 ficris'
632 2081 678 2114 Et
697 2078 759 2113 ille
778 2092 785 2113 z
807 2080 977 2122 Domine,
998 2078 1180 2113 lmmitzem
1206 2091 1278 2113 non

287 2140 400 2175 lmlwo
413 2168 423 2183 ,
441 2147 482 2174 nt
498 2152 577 2173 cum
610 2146 708 2172 mola
734 2136 852 2184 suem
871 2150 973 2184 aqua
986 2165 997 2180 ,
1018 2141 1140 2173 mitten
1157 2151 1214 2172 mc
1242 2141 1278 2172 in

281 2203 504 2247 sus-cinam'¹
523 2197 640 2234 Stulte
654 2225 664 2241 ,
685 2210 770 2232 ecce
788 2197 913 2232 oleum
934 2196 1164 2232 salutiferum
1180 2197 1278 2232 salu-

289 2259 375 2293 taris
392 2262 492 2301 Jesu,
513 2255 619 2304 cujus
634 2269 772 2291 nomen
790 2264 843 2290 cst
859 2255 955 2290 sicut
968 2255 1092 2290 oleum
1105 2255 1277 2291 effusum.

288 2317 387 2364 Quid
413 2315 478 2351 tibi
506 2328 589 2350 cum
626 2314 803 2362 aquaPSi
830 2314 885 2349 vis
906 2314 1071 2361 recipcre
1100 2313 1278 2358 salutem,

289 2389 374 2411 ecee
404 2376 487 2410 fons
516 2373 589 2409 olei
620 2372 905 2416 misericordiae,
931 2373 966 2408 in
994 2385 1070 2420 quo
1100 2380 1134 2407 te
1155 2372 1279 2407 nullus

290 2432 465 2483 prohibet
503 2431 701 2480 baptizari,
732 2429 840 2478 eujus
867 2443 1004 2465 nomen
1037 2438 1091 2465 est
1118 2431 1276 2466 effusum

288 2494 432 2536 oleum,
456 2491 490 2526 id
511 2498 584 2536 est,
605 2488 782 2525 omnibus
812 2488 985 2536 gentibus
1018 2489 1254 2524 manifestum
1269 2515 1278 2532 ‚

287 2565 362 2600 quo
377 2551 462 2585 oleo
479 2549 579 2584 nucti
598 2548 737 2584 infirmi
760 2556 950 2583 sanantur.
974 2546 1175 2594 Quomodo
1193 2560 1277 2583 cum

1344 1904 1506 1940 traheret
1523 1915 1670 1947 omnes,
1697 1902 1762 1950 qui
1779 1902 1958 1945 salutem,
1985 1901 2160 1949 gloriam,
2183 1900 2330 1937 divitias

1343 1963 1402 1998 vel
1434 1952 1582 1998 ‹le-licias
1618 1960 1916 2009 concupiscunt?
1938 1961 2098 1995 Venient
2123 1972 2255 1996 omnes
2283 1958 2330 1995 ad

1343 2021 1462 2058 Vitem
1486 2021 1595 2057 lianc.
1616 2018 1727 2057 Dabit
1745 2019 1843 2055 enim
1864 2021 1970 2055 Jesus
1986 2017 2158 2062 salutem,
2172 2017 2258 2066 quia
2272 2029 2331 2054 sa-

1344 2080 1474 2117 lutaris
1487 2089 1542 2117 est
1563 2096 1570 2117 :
1596 2079 1699 2116 dabit
1721 2079 1888 2117 Christus
1912 2091 2089 2128 regnum,
2109 2078 2236 2126 inquo
2255 2077 2332 2126 glo-

1346 2141 1399 2176 ria
1419 2153 1503 2175 cum
1522 2139 1660 2176 divitiis
1679 2138 1850 2184 liabetur,
1865 2138 1953 2187 quia
1976 2145 2110 2173 unctus
2131 2145 2208 2182 est,
2229 2136 2332 2186 quod

1345 2199 1497 2248 proprie
1535 2199 1581 2235 ad
1617 2211 1721 2248 reges
1752 2198 1914 2247 pertinet
1945 2210 1952 2231 ε
1987 2195 2092 2232 dabit
2119 2198 2333 2232 Nazarenus

1345 2257 1518 2302 delicias,
1549 2257 1636 2306 quia
1667 2258 1805 2292 florens
1835 2264 1902 2292 est.
1927 2255 2025 2303 Quid
2058 2255 2156 2291 enim
2187 2254 2330 2303 jucun—

1346 2316 1428 2351 dius
1460 2317 1579 2351 llore?
1616 2315 1723 2351 Multi
1757 2323 1906 2359 autem,
1939 2315 2013 2350 imo
2042 2326 2194 2358 omnes,
2216 2313 2252 2348 id
2277 2320 2332 2348 est

1345 2375 1513 2410 omnium
1546 2374 1723 2410 virtutum
1757 2374 1867 2409 llores
1905 2374 1942 2409 in
1977 2381 2106 2409 nostro
2142 2376 2331 2409 Nazareno

1344 2441 1444 2476 sunt,
1465 2445 1624 2481 «piarum
1646 2431 1856 2467 delectabili
1879 2431 1996 2467 odore
2012 2440 2129 2467 totum
2149 2431 2329 2468 mundum

1347 2492 1460 2526 traxit
1479 2500 1563 2540 post
1584 2505 1636 2527 sc.
1662 2494 1751 2527 Nam
1773 2491 1836 2538 qui
1855 2491 2010 2526 reuiunt
2028 2489 2073 2526 ad
2089 2490 2212 2538 ipsum
2236 2504 2330 2540 pro-

1345 2557 1428 2597 pter
1455 2549 1724 2592 bumilitatem,
1754 2548 1863 2584 violae
1891 2547 1972 2595 ejus
1999 2555 2210 2595 sequuntur
2237 2547 2332 2583 odo-

287 2609 392 2645 audis
417 2617 453 2643 et
482 2607 657 2655 intelligis
689 2607 1030 2656 supereminentem
1062 2606 1276 2642 misericor·
1292 2613 1323 2646 D
1346 2621 1446 2653 rem;
1469 2608 1532 2656 qni
1554 2615 1711 2656 propter
1738 2607 1966 2651 castitatem,
1989 2606 2075 2650 lilii;
2095 2606 2159 2655 qui
2176 2613 2334 2655 propter

290 2668 387 2703 diam
410 2666 543 2715 optimi
560 2669 648 2701 Jesu
673 2696 682 2714 χ
702 2665 765 2713 qui
789 2673 946 2714 propter
966 2673 1000 2700 te
1021 2664 1277 2700 redimendum

289 2728 334 2763 de
355 2727 437 2761 sinu
460 2725 578 2761 Patris
596 2724 787 2760 descendit
804 2725 848 2759 ad
870 2733 998 2768 terras,
1015 2732 1049 2760 te
1069 2724 1279 2759 misericor-

291 2785 442 2820 dissima
475 2784 647 2833 passione
678 2783 836 2819 redemit
852 2783 885 2831 ᾗ),
907 2795 982 2818 non
1011 2782 1186 2817 oboritur
1213 2781 1278 2817 tibi

288 2854 386 2881 certa
419 2856 522 2893 spi-S,
552 2843 653 2891 quod
691 2851 724 2878 te
759 2842 994 2892 redemptum
1025 2851 1128 2878 tanto
1157 2843 1278 2892 pretio

291 2906 381 2940 nolit
401 2903 578 2953 perdere,
599 2916 711 2951 quem
741 2902 787 2938 de
815 2903 909 2938 coelo
939 2904 1041 2939 venit
1069 2904 1276 2939 redimere?

288 2969 367 3000 Jam
397 2976 486 3010 crgo
511 2961 563 2997 sic
583 2961 781 3009 cogitanti,
800 2961 851 2997 sic
873 2963 1037 3010 speranti
1058 2963 1182 2999 oleum
1204 2976 1274 2998 no-

290 3023 399 3059 minis
419 3025 506 3057 Jesu
528 3019 594 3056 tibi
616 3020 776 3056 effusum
800 3029 866 3056 est.
894 3024 1001 3070 Unge
1027 3030 1061 3058 te
1077 3050 1087 3067 ,
1114 3031 1154 3058 ut
1170 3035 1277 3058 sanc-

289 3084 355 3127 ris,
383 3081 417 3116 id
448 3087 527 3124 cst,
550 3092 656 3128 spera
690 3079 726 3114 in
766 3080 1017 3116 misericordia
1056 3081 1276 3126 Salvatoris‚

287 3143 349 3190 (llll
372 3141 489 3175 SillVist
506 3152 638 3173 OlllllCS
658 3147 852 3186 8¹)('l'ssll[('S
872 3139 908 3173 11]
926 3152 974 3174 SC.

347 3200 426 3235 l'tll.
449 3197 698 3233 Nihilominus
725 3205 847 3232 autem
867 3206 902 3232 et
924 3198 1047 3233 oleum
1068 3198 1138 3233 lioc
1159 3199 1273 3247 pascit

339 3337 341 3346 =
371 3330 437 3354 lm:
459 3338 463 3351 v
483 3348 487 3359 ,
510 3327 557 3353 ἰ,.
636 3331 643 3338 ’
664 3327 744 3353 jusit·
783 3337 809 3357 x,
830 3329 868 3360 si,
892 3327 917 3353 ,s
1006 3325 1137 3354 ‘us-nh.
1158 3337 1184 3361 x,
1204 3331 1219 3351 t'u

1344 2666 1560 2703 charitatem
1597 2665 1802 2714 passionis,
1824 2678 1941 2710 rosae3
1964 2665 2028 2713 qui
2056 2673 2213 2713 propter
2248 2663 2332 2701 abs-

1347 2725 1538 2761 tinentiam
1554 2752 1563 2769 ‚
1599 2725 1698 2759 croci
1729 2732 1939 2772 sequuntur
1969 2723 2136 2759 odorem.
2159 2723 2224 2759 His
2242 2735 2332 2771 ergo

1346 2782 1547 2820 xirtutibus
1575 2783 1709 2831 optimi
1737 2787 1826 2819 ,lesu
1861 2782 1996 2819 Cliristi
2027 2780 2165 2830 ubique
2193 2781 2332 2830 praedi-

1345 2852 1489 2879 catores
1522 2851 1697 2891 tanquam
1733 2842 1897 2891 quodam
1932 2841 2098 2891 pretioso
2138 2849 2332 2890 unguento

1344 2903 1464 2938 effuso
1485 2910 1732 2937 extraxerunt
1754 2901 1910 2937 odorem
1932 2900 2034 2948 ejus,
2057 2908 2094 2936 et
2113 2899 2331 2937 adolescen-

1345 2962 1430 2997 tulae
1450 2961 1567 2996 odore
1588 2959 1669 3008 ejus
1690 2960 1848 2996 mirilico
1871 2959 2062 2996 ‹lelectatae
2083 2968 2330 2995 cucurrerunt

1345 3029 1428 3070 post
1448 3028 1600 3056 unctum
1616 3022 1756 3054 Jesum.
1781 3022 1824 3054 tit
1844 3018 1964 3054 adbuc
1980 3018 2154 3053 nimirum
2176 3026 2332 3053 currunt

1343 3081 1544 3116 clamantes
1560 3079 1596 3114 in
1613 3077 1813 3113 totocorde
1831 3090 1912 3121 suo,
1932 3078 2048 3110 ‘l'rahe
2060 3085 2217 3123 nespas!
2230 3085 2275 3119 le,
2293 3086 2331 3111 ιιι

1344 3151 1535 3174 curramus
1559 3143 1595 3172 1'11
1613 3139 1723 3172 odore
1744 3145 2007 3183 unguentorum
2035 3145 2176 3170 luorum
2187 3149 2200 3178 ;
2215 3135 2329 3170 scien-

1345 3207 1397 3233 tes
1426 3197 1526 3246 quod
1553 3209 1673 3245 neque
1698 3195 1852 3231 xoleutis
1869 3223 1876 3237 ‚
1900 3208 2020 3242 neque
2041 3194 2248 3240 currentis,
2265 3194 2326 3229 sed

1325 3327 1420 3356 ι1“»;ιΙ,
1442 3336 1525 3356 xiix,
1550 3330 1565 3351 n*
