<?xml version="1.0" encoding="UTF-8"?>
<!DOCTYPE html PUBLIC "-//W3C//DTD XHTML 1.0 Transitional//EN"
    "http://www.w3.org/TR/xhtml1/DTD/xhtml1-transitional.dtd">
<html xmlns="http://www.w3.org/1999/xhtml" xml:lang="en" lang="en">
 <head>
  <title>
</title>
<meta http-equiv="Content-Type" content="text/html;charset=utf-8" />
  <meta name='ocr-system' content='tesseract 3.04.00' />
  <meta name='ocr-capabilities' content='ocr_page ocr_carea ocr_par ocr_line ocrx_word'/>
</head>
<body>
  <div class='ocr_page' id='page_1' title='image "./operaomniapostho05bern/operaomniapostho05bern_0650.png"; bbox 0 0 2504 3928; ppageno 0'>
   <div class='ocr_carea' id='block_1_1' title="bbox 366 199 458 234">
    <p class='ocr_par' dir='ltr' id='par_1_1' title="bbox 366 199 458 234">
     <span class='ocr_line' id='line_1_1' title="bbox 366 199 458 234; baseline 0.011 -1"><span class='ocrx_word' id='word_1_1' title='bbox 366 199 458 234; x_wconf 63' lang='lat'>1283</span> 
     </span>
    </p>
   </div>
   <div class='ocr_carea' id='block_1_2' title="bbox 1022 203 1750 240">
    <p class='ocr_par' dir='ltr' id='par_1_2' title="bbox 1022 203 1750 240">
     <span class='ocr_line' id='line_1_2' title="bbox 1022 203 1750 240; baseline 0.004 -5"><span class='ocrx_word' id='word_1_2' title='bbox 1022 203 1182 239; x_wconf 67' lang='lat' dir='ltr'><strong>SERMO</strong></span> <span class='ocrx_word' id='word_1_3' title='bbox 1213 207 1275 240; x_wconf 75' lang='lat' dir='ltr'>DF,</span> <span class='ocrx_word' id='word_1_4' title='bbox 1308 206 1533 240; x_wconf 56' lang='lat' dir='ltr'>Passioni</span> <span class='ocrx_word' id='word_1_5' title='bbox 1564 205 1750 240; x_wconf 65' lang='lat' dir='ltr'>nomm.</span> 
     </span>
    </p>
   </div>
   <div class='ocr_carea' id='block_1_3' title="bbox 2305 204 2397 240">
    <p class='ocr_par' dir='ltr' id='par_1_3' title="bbox 2305 204 2397 240">
     <span class='ocr_line' id='line_1_3' title="bbox 2305 204 2397 240; baseline 0 -1"><span class='ocrx_word' id='word_1_6' title='bbox 2305 204 2397 240; x_wconf 64' lang='lat'>1284</span> 
     </span>
    </p>
   </div>
   <div class='ocr_carea' id='block_1_4' title="bbox 363 276 2399 386">
    <p class='ocr_par' dir='ltr' id='par_1_4' title="bbox 363 276 2399 386">
     <span class='ocr_line' id='line_1_4' title="bbox 363 276 2399 329; baseline 0.002 -19"><span class='ocrx_word' id='word_1_7' title='bbox 363 276 580 324; x_wconf 75' lang='lat' dir='ltr'>sigillatam,</span> <span class='ocrx_word' id='word_1_8' title='bbox 614 277 648 311; x_wconf 90' lang='lat' dir='ltr'>in</span> <span class='ocrx_word' id='word_1_9' title='bbox 678 276 783 324; x_wconf 88' lang='lat' dir='ltr'>cujus</span> <span class='ocrx_word' id='word_1_10' title='bbox 816 290 919 312; x_wconf 81' lang='lat' dir='ltr'>sacro</span> <span class='ocrx_word' id='word_1_11' title='bbox 949 285 1055 313; x_wconf 79' lang='lat' dir='ltr'>utero</span> <span class='ocrx_word' id='word_1_12' title='bbox 1083 280 1159 315; x_wconf 74' lang='lat' dir='ltr'>sola</span> <span class='ocrx_word' id='word_1_13' title='bbox 1191 281 1629 329; x_wconf 62' lang='lat' dir='ltr'>Spiritus⁴³⁵⁰imperator</span> <span class='ocrx_word' id='word_1_14' title='bbox 1657 278 1785 314; x_wconf 87' lang='lat' dir='ltr'>mundi</span> <span class='ocrx_word' id='word_1_15' title='bbox 1805 278 1993 313; x_wconf 81' lang='lat' dir='ltr'>humiliter</span> <span class='ocrx_word' id='word_1_16' title='bbox 2019 278 2188 315; x_wconf 80' lang='lat' dir='ltr'>subditus</span> <span class='ocrx_word' id='word_1_17' title='bbox 2216 281 2399 317; x_wconf 60' lang='lat' dir='ltr'>exstitisti.</span> 
     </span>
     <span class='ocr_line' id='line_1_5' title="bbox 366 333 2398 386; baseline 0.004 -19"><span class='ocrx_word' id='word_1_18' title='bbox 366 334 482 368; x_wconf 72' lang='lat' dir='ltr'>sancti</span> <span class='ocrx_word' id='word_1_19' title='bbox 511 333 768 369; x_wconf 86' lang='lat' dir='ltr'>inenarrabilis</span> <span class='ocrx_word' id='word_1_20' title='bbox 796 335 912 370; x_wconf 69' lang='lat' dir='ltr'>virtus</span> <span class='ocrx_word' id='word_1_21' title='bbox 941 343 975 371; x_wconf 83' lang='lat' dir='ltr'>te</span> <span class='ocrx_word' id='word_1_22' title='bbox 1001 337 1147 386; x_wconf 85' lang='lat' dir='ltr'>concipi</span> <span class='ocrx_word' id='word_1_23' title='bbox 1178 339 1284 381; x_wconf 85' lang='lat' dir='ltr'>fecit,</span> <span class='ocrx_word' id='word_1_24' title='bbox 1313 347 1347 374; x_wconf 86' lang='lat' dir='ltr'>ct</span> <span class='ocrx_word' id='word_1_25' title='bbox 1370 344 1393 374; x_wconf 74' lang='lat' dir='ltr'>A</span> <span class='ocrx_word' id='word_1_26' title='bbox 1416 346 1462 376; x_wconf 78' lang='lat' dir='ltr'>At</span> <span class='ocrx_word' id='word_1_27' title='bbox 1503 339 1564 375; x_wconf 91' lang='lat' dir='ltr'>ubi</span> <span class='ocrx_word' id='word_1_28' title='bbox 1599 338 1821 375; x_wconf 76' lang='lat' dir='ltr'>robustioris</span> <span class='ocrx_word' id='word_1_29' title='bbox 1850 338 1965 373; x_wconf 80' lang='lat' dir='ltr'>a=tatis</span> <span class='ocrx_word' id='word_1_30' title='bbox 2001 337 2198 386; x_wconf 80' lang='lat' dir='ltr'>plenitudo</span> <span class='ocrx_word' id='word_1_31' title='bbox 2226 339 2398 383; x_wconf 77' lang='lat' dir='ltr'>advenit,</span> 
     </span>
    </p>
   </div>
   <div class='ocr_carea' id='block_1_5' title="bbox 368 393 1353 1036">
    <p class='ocr_par' dir='ltr' id='par_1_5' title="bbox 368 393 1353 1036">
     <span class='ocr_line' id='line_1_6' title="bbox 368 393 1349 433; baseline 0.008 -7"><span class='ocrx_word' id='word_1_32' title='bbox 368 393 464 427; x_wconf 54' lang='lat' dir='ltr'>nasci</span> <span class='ocrx_word' id='word_1_33' title='bbox 488 393 522 427; x_wconf 92' lang='lat' dir='ltr'>in</span> <span class='ocrx_word' id='word_1_34' title='bbox 540 405 636 428; x_wconf 79' lang='lat' dir='ltr'>vera·</span> <span class='ocrx_word' id='word_1_35' title='bbox 659 393 876 430; x_wconf 85' lang='lat' dir='ltr'>humilitatis</span> <span class='ocrx_word' id='word_1_36' title='bbox 898 403 1028 431; x_wconf 88' lang='lat' dir='ltr'>natura</span> <span class='ocrx_word' id='word_1_37' title='bbox 1050 410 1056 430; x_wconf 91' lang='lat'>:</span> <span class='ocrx_word' id='word_1_38' title='bbox 1085 397 1131 432; x_wconf 90' lang='lat' dir='ltr'>ita</span> <span class='ocrx_word' id='word_1_39' title='bbox 1153 406 1191 433; x_wconf 90' lang='lat' dir='ltr'>ut</span> <span class='ocrx_word' id='word_1_40' title='bbox 1212 411 1279 433; x_wconf 72' lang='lat' dir='ltr'>nec</span> <span class='ocrx_word' id='word_1_41' title='bbox 1296 398 1349 433; x_wconf 87' lang='lat' dir='ltr'>di-</span> 
     </span>
     <span class='ocr_line' id='line_1_7' title="bbox 370 451 1352 504; baseline 0.009 -20"><span class='ocrx_word' id='word_1_42' title='bbox 370 451 532 485; x_wconf 70' lang='lat' dir='ltr'>rinitatis</span> <span class='ocrx_word' id='word_1_43' title='bbox 559 453 592 486; x_wconf 92' lang='lat' dir='ltr'>in</span> <span class='ocrx_word' id='word_1_44' title='bbox 626 460 660 487; x_wconf 90' lang='lat' dir='ltr'>te</span> <span class='ocrx_word' id='word_1_45' title='bbox 691 451 941 499; x_wconf 79' lang='lat' dir='ltr'>majestatem,</span> <span class='ocrx_word' id='word_1_46' title='bbox 963 466 1030 490; x_wconf 86' lang='lat' dir='ltr'>nec</span> <span class='ocrx_word' id='word_1_47' title='bbox 1054 455 1275 504; x_wconf 64' lang='lat' dir='ltr'>virginitatis</span> <span class='ocrx_word' id='word_1_48' title='bbox 1295 458 1352 492; x_wconf 91' lang='lat' dir='ltr'>in-</span> 
     </span>
     <span class='ocr_line' id='line_1_8' title="bbox 371 509 1348 556; baseline 0.008 -14"><span class='ocrx_word' id='word_1_49' title='bbox 371 509 574 556; x_wconf 71' lang='lat' dir='ltr'>tegritatem</span> <span class='ocrx_word' id='word_1_50' title='bbox 600 510 634 545; x_wconf 92' lang='lat' dir='ltr'>in</span> <span class='ocrx_word' id='word_1_51' title='bbox 657 513 774 546; x_wconf 79' lang='lat' dir='ltr'>Matre</span> <span class='ocrx_word' id='word_1_52' title='bbox 797 511 952 547; x_wconf 75' lang='lat' dir='ltr'>violaret</span> <span class='ocrx_word' id='word_1_53' title='bbox 974 513 1176 550; x_wconf 77' lang='lat' dir='ltr'>nativitatis</span> <span class='ocrx_word' id='word_1_54' title='bbox 1191 515 1348 551; x_wconf 89' lang='lat' dir='ltr'>occasio.</span> 
     </span>
     <span class='ocr_line' id='line_1_9' title="bbox 368 568 1349 619; baseline 0.006 -16"><span class='ocrx_word' id='word_1_55' title='bbox 368 572 398 603; x_wconf 81' lang='lat' dir='ltr'>t)</span> <span class='ocrx_word' id='word_1_56' title='bbox 427 568 607 612; x_wconf 89' lang='lat' dir='ltr'>amanda,</span> <span class='ocrx_word' id='word_1_57' title='bbox 641 583 663 605; x_wconf 91' lang='lat' dir='ltr'>o</span> <span class='ocrx_word' id='word_1_58' title='bbox 694 570 910 607; x_wconf 87' lang='lat' dir='ltr'>admiranda</span> <span class='ocrx_word' id='word_1_59' title='bbox 941 571 1123 619; x_wconf 73' lang='lat' dir='ltr'>dignatio!</span> <span class='ocrx_word' id='word_1_60' title='bbox 1151 577 1251 610; x_wconf 77' lang='lat' dir='ltr'>Deus</span> <span class='ocrx_word' id='word_1_61' title='bbox 1280 576 1349 610; x_wconf 92' lang='lat' dir='ltr'>im—</span> 
     </span>
     <span class='ocr_line' id='line_1_10' title="bbox 369 629 1349 681; baseline 0.006 -19"><span class='ocrx_word' id='word_1_62' title='bbox 369 640 505 664; x_wconf 63' lang='lat' dir='ltr'>mcnsre</span> <span class='ocrx_word' id='word_1_63' title='bbox 525 629 671 677; x_wconf 70' lang='lat' dir='ltr'>gloria‘‚</span> <span class='ocrx_word' id='word_1_64' title='bbox 695 631 832 666; x_wconf 75' lang='lat' dir='ltr'>vermis</span> <span class='ocrx_word' id='word_1_65' title='bbox 852 631 1144 681; x_wconf 86' lang='lat' dir='ltr'>contemptibilis</span> <span class='ocrx_word' id='word_1_66' title='bbox 1168 635 1243 669; x_wconf 88' lang='lat' dir='ltr'>licri</span> <span class='ocrx_word' id='word_1_67' title='bbox 1277 647 1349 669; x_wconf 92' lang='lat' dir='ltr'>uon</span> 
     </span>
     <span class='ocr_line' id='line_1_11' title="bbox 368 684 1350 734; baseline 0.009 -15"><span class='ocrx_word' id='word_1_68' title='bbox 368 684 587 734; x_wconf 71' lang='lat' dir='ltr'>‹lcspcxisti;</span> <span class='ocrx_word' id='word_1_69' title='bbox 604 691 704 724; x_wconf 78' lang='lat' dir='ltr'>Deus</span> <span class='ocrx_word' id='word_1_70' title='bbox 720 689 888 724; x_wconf 90' lang='lat' dir='ltr'>omnium</span> <span class='ocrx_word' id='word_1_71' title='bbox 903 719 911 734; x_wconf 93' lang='lat'>‚</span> <span class='ocrx_word' id='word_1_72' title='bbox 931 703 1136 726; x_wconf 68' lang='lat' dir='ltr'>conservus</span> <span class='ocrx_word' id='word_1_73' title='bbox 1155 704 1350 728; x_wconf 56' lang='lat' dir='ltr'>serrorum</span> 
     </span>
     <span class='ocr_line' id='line_1_12' title="bbox 368 747 1349 793; baseline 0.007 -14"><span class='ocrx_word' id='word_1_74' title='bbox 368 757 548 793; x_wconf 88' lang='lat' dir='ltr'>apparere</span> <span class='ocrx_word' id='word_1_75' title='bbox 570 747 732 783; x_wconf 62' lang='lat' dir='ltr'>voluisti.</span> <span class='ocrx_word' id='word_1_76' title='bbox 759 751 889 784; x_wconf 88' lang='lat' dir='ltr'>Parum</span> <span class='ocrx_word' id='word_1_77' title='bbox 910 749 973 785; x_wconf 85' lang='lat' dir='ltr'>tibi</span> <span class='ocrx_word' id='word_1_78' title='bbox 993 751 1111 786; x_wconf 73' lang='lat' dir='ltr'>visum</span> <span class='ocrx_word' id='word_1_79' title='bbox 1133 759 1186 787; x_wconf 79' lang='lat' dir='ltr'>cst</span> <span class='ocrx_word' id='word_1_80' title='bbox 1208 756 1349 788; x_wconf 80' lang='lat' dir='ltr'>l‘atrcm</span> 
     </span>
     <span class='ocr_line' id='line_1_13' title="bbox 368 803 1351 847; baseline 0.008 -10"><span class='ocrx_word' id='word_1_81' title='bbox 368 812 400 838; x_wconf 88' lang='lat' dir='ltr'>tc</span> <span class='ocrx_word' id='word_1_82' title='bbox 426 803 534 840; x_wconf 82' lang='lat' dir='ltr'>nobis</span> <span class='ocrx_word' id='word_1_83' title='bbox 563 817 642 841; x_wconf 85' lang='lat' dir='ltr'>essc</span> <span class='ocrx_word' id='word_1_84' title='bbox 662 815 695 841; x_wconf 91' lang='lat' dir='ltr'>ct</span> <span class='ocrx_word' id='word_1_85' title='bbox 718 807 911 844; x_wconf 88' lang='lat' dir='ltr'>dominmn</span> <span class='ocrx_word' id='word_1_86' title='bbox 944 824 950 844; x_wconf 91' lang='grc'>;</span> <span class='ocrx_word' id='word_1_87' title='bbox 985 810 1096 846; x_wconf 81' lang='lat' dir='ltr'>frater</span> <span class='ocrx_word' id='word_1_88' title='bbox 1117 819 1242 847; x_wconf 87' lang='lat' dir='ltr'>noster</span> <span class='ocrx_word' id='word_1_89' title='bbox 1273 824 1351 847; x_wconf 78' lang='lat' dir='ltr'>csse</span> 
     </span>
     <span class='ocr_line' id='line_1_14' title="bbox 369 864 1351 918; baseline 0.009 -21"><span class='ocrx_word' id='word_1_90' title='bbox 369 864 542 911; x_wconf 77' lang='lat' dir='ltr'>dignatus</span> <span class='ocrx_word' id='word_1_91' title='bbox 559 878 608 900; x_wconf 77' lang='lat' dir='ltr'>cs.</span> <span class='ocrx_word' id='word_1_92' title='bbox 640 867 682 901; x_wconf 80' lang='lat' dir='ltr'>Et</span> <span class='ocrx_word' id='word_1_93' title='bbox 711 874 772 910; x_wconf 87' lang='lat' dir='ltr'>tu,</span> <span class='ocrx_word' id='word_1_94' title='bbox 798 868 954 903; x_wconf 86' lang='lat' dir='ltr'>Dotninc</span> <span class='ocrx_word' id='word_1_95' title='bbox 977 869 1262 913; x_wconf 77' lang='lat' dir='ltr'>universorum,</span> <span class='ocrx_word' id='word_1_96' title='bbox 1289 871 1351 918; x_wconf 80' lang='lat' dir='ltr'>qui</span> 
     </span>
     <span class='ocr_line' id='line_1_15' title="bbox 368 922 1353 977; baseline 0.007 -21"><span class='ocrx_word' id='word_1_97' title='bbox 368 923 506 958; x_wconf 83' lang='lat' dir='ltr'>nullam</span> <span class='ocrx_word' id='word_1_98' title='bbox 529 922 641 959; x_wconf 82' lang='lat' dir='ltr'>habes</span> <span class='ocrx_word' id='word_1_99' title='bbox 659 925 918 973; x_wconf 83' lang='lat' dir='ltr'>indigentiam,</span> <span class='ocrx_word' id='word_1_100' title='bbox 936 927 1033 964; x_wconf 88' lang='lat' dir='ltr'>intra</span> <span class='ocrx_word' id='word_1_101' title='bbox 1053 929 1130 977; x_wconf 83' lang='lat' dir='ltr'>ipsa</span> <span class='ocrx_word' id='word_1_102' title='bbox 1153 929 1353 965; x_wconf 82' lang='lat' dir='ltr'>nativitatis</span> 
     </span>
     <span class='ocr_line' id='line_1_16' title="bbox 370 982 1353 1036; baseline 0.007 -20"><span class='ocrx_word' id='word_1_103' title='bbox 370 990 440 1016; x_wconf 69' lang='lat' dir='ltr'>tuac</span> <span class='ocrx_word' id='word_1_104' title='bbox 463 982 563 1018; x_wconf 87' lang='lat' dir='ltr'>initia</span> <span class='ocrx_word' id='word_1_105' title='bbox 581 996 656 1019; x_wconf 87' lang='lat' dir='ltr'>non</span> <span class='ocrx_word' id='word_1_106' title='bbox 678 983 904 1021; x_wconf 71' lang='lat' dir='ltr'>abhorruisti</span> <span class='ocrx_word' id='word_1_107' title='bbox 924 985 1181 1034; x_wconf 63' lang='lat' dir='ltr'>abjectissima*</span> <span class='ocrx_word' id='word_1_108' title='bbox 1198 1001 1353 1036; x_wconf 84' lang='lat' dir='ltr'>pauper-</span> 
     </span>
    </p>
   </div>
   <div class='ocr_carea' id='block_1_6' title="bbox 369 1041 1398 1090">
    <p class='ocr_par' dir='ltr' id='par_1_6' title="bbox 369 1041 1398 1090">
     <span class='ocr_line' id='line_1_17' title="bbox 369 1041 1398 1090; baseline 0.006 -14"><span class='ocrx_word' id='word_1_109' title='bbox 369 1042 450 1076; x_wconf 85' lang='lat' dir='ltr'>tatis</span> <span class='ocrx_word' id='word_1_110' title='bbox 471 1041 667 1090; x_wconf 83' lang='lat' dir='ltr'>degustare</span> <span class='ocrx_word' id='word_1_111' title='bbox 699 1045 947 1080; x_wconf 84' lang='lat' dir='ltr'>incommoda.</span> <span class='ocrx_word' id='word_1_112' title='bbox 982 1049 1025 1081; x_wconf 68' lang='lat' dir='ltr'>t‘t</span> <span class='ocrx_word' id='word_1_113' title='bbox 1046 1046 1144 1082; x_wconf 89' lang='lat' dir='ltr'>enim</span> <span class='ocrx_word' id='word_1_114' title='bbox 1179 1047 1228 1082; x_wconf 92' lang='lat' dir='ltr'>ait</span> <span class='ocrx_word' id='word_1_115' title='bbox 1257 1047 1347 1082; x_wconf 79' lang='lat' dir='ltr'>Scri·</span> <span class='ocrx_word' id='word_1_116' title='bbox 1375 1050 1398 1081; x_wconf 74' lang='lat'>13</span> 
     </span>
    </p>
   </div>
   <div class='ocr_carea' id='block_1_7' title="bbox 369 1101 1358 1800">
    <p class='ocr_par' dir='ltr' id='par_1_7' title="bbox 369 1101 1358 1800">
     <span class='ocr_line' id='line_1_18' title="bbox 369 1101 1353 1148; baseline 0.006 -13"><span class='ocrx_word' id='word_1_117' title='bbox 369 1109 500 1148; x_wconf 85' lang='lat' dir='ltr'>ptura,</span> <span class='ocrx_word' id='word_1_118' title='bbox 526 1101 590 1137; x_wconf 92' lang='lat' dir='ltr'>tibi</span> <span class='ocrx_word' id='word_1_119' title='bbox 612 1115 694 1138; x_wconf 91' lang='lat' dir='ltr'>cum</span> <span class='ocrx_word' id='word_1_120' title='bbox 729 1104 954 1148; x_wconf 82' lang='lat' dir='ltr'>nascereris,</span> <span class='ocrx_word' id='word_1_121' title='bbox 976 1119 1048 1140; x_wconf 80' lang='lat' dir='ltr'>mm</span> <span class='ocrx_word' id='word_1_122' title='bbox 1079 1115 1157 1141; x_wconf 73' lang='lat' dir='ltr'>erut</span> <span class='ocrx_word' id='word_1_123' title='bbox 1187 1109 1284 1141; x_wconf 73' lang='lat' dir='ltr'>lacus</span> <span class='ocrx_word' id='word_1_124' title='bbox 1316 1112 1353 1141; x_wconf 82' lang='lat' dir='ltr'>e&#39;u</span> 
     </span>
     <span class='ocr_line' id='line_1_19' title="bbox 369 1161 1353 1213; baseline 0.01 -21"><span class='ocrx_word' id='word_1_125' title='bbox 369 1161 612 1204; x_wconf 65' lang='lat' dir='ltr'>‹ls‹·‹·1·s‹›rm¹;</span> <span class='ocrx_word' id='word_1_126' title='bbox 635 1174 755 1210; x_wconf 79' lang='lat' dir='ltr'>neque</span> <span class='ocrx_word' id='word_1_127' title='bbox 785 1163 992 1206; x_wconf 89' lang='lat' dir='ltr'>cunabula,</span> <span class='ocrx_word' id='word_1_128' title='bbox 1015 1178 1098 1213; x_wconf 72' lang='lat' dir='ltr'>quw</span> <span class='ocrx_word' id='word_1_129' title='bbox 1131 1167 1353 1202; x_wconf 86' lang='lat' dir='ltr'>teneritudi—</span> 
     </span>
     <span class='ocr_line' id='line_1_20' title="bbox 371 1222 1353 1270; baseline 0.008 -17"><span class='ocrx_word' id='word_1_130' title='bbox 371 1231 454 1254; x_wconf 84' lang='lat' dir='ltr'>ncm</span> <span class='ocrx_word' id='word_1_131' title='bbox 489 1228 586 1255; x_wconf 91' lang='lat' dir='ltr'>tuam</span> <span class='ocrx_word' id='word_1_132' title='bbox 621 1222 857 1270; x_wconf 77' lang='lat' dir='ltr'>exciperent,</span> <span class='ocrx_word' id='word_1_133' title='bbox 892 1222 1054 1260; x_wconf 80' lang='lat' dir='ltr'>habuisti</span> <span class='ocrx_word' id='word_1_134' title='bbox 1086 1240 1092 1260; x_wconf 75' lang='grc' dir='ltr'>ε</span> <span class='ocrx_word' id='word_1_135' title='bbox 1122 1225 1184 1260; x_wconf 87' lang='lat' dir='ltr'>sed</span> <span class='ocrx_word' id='word_1_136' title='bbox 1219 1226 1254 1260; x_wconf 95' lang='lat' dir='ltr'>in</span> <span class='ocrx_word' id='word_1_137' title='bbox 1291 1226 1353 1261; x_wconf 78' lang='lat' dir='ltr'>vili</span> 
     </span>
     <span class='ocr_line' id='line_1_21' title="bbox 376 1278 1354 1331; baseline 0.009 -20"><span class='ocrx_word' id='word_1_138' title='bbox 376 1278 558 1326; x_wconf 82' lang='lat' dir='ltr'>pra·scpio</span> <span class='ocrx_word' id='word_1_139' title='bbox 600 1279 786 1316; x_wconf 81' lang='lat' dir='ltr'>sordentis</span> <span class='ocrx_word' id='word_1_140' title='bbox 827 1281 984 1326; x_wconf 81' lang='lat' dir='ltr'>stabuli,</span> <span class='ocrx_word' id='word_1_141' title='bbox 1030 1291 1066 1318; x_wconf 92' lang='lat' dir='ltr'>tu</span> <span class='ocrx_word' id='word_1_142' title='bbox 1113 1284 1175 1331; x_wconf 82' lang='lat' dir='ltr'>qui</span> <span class='ocrx_word' id='word_1_143' title='bbox 1220 1293 1354 1320; x_wconf 80' lang='lat' dir='ltr'>terrant</span> 
     </span>
     <span class='ocr_line' id='line_1_22' title="bbox 373 1337 1355 1390; baseline 0.009 -20"><span class='ocrx_word' id='word_1_144' title='bbox 373 1337 496 1384; x_wconf 90' lang='lat' dir='ltr'>palmo</span> <span class='ocrx_word' id='word_1_145' title='bbox 530 1338 748 1383; x_wconf 79' lang='lat' dir='ltr'>concludis,</span> <span class='ocrx_word' id='word_1_146' title='bbox 782 1340 972 1377; x_wconf 77' lang='lat' dir='ltr'>involutus</span> <span class='ocrx_word' id='word_1_147' title='bbox 1008 1343 1218 1390; x_wconf 76' lang='lat' dir='ltr'>panniculis</span> <span class='ocrx_word' id='word_1_148' title='bbox 1246 1344 1355 1379; x_wconf 82' lang='lat' dir='ltr'>recli-</span> 
     </span>
     <span class='ocr_line' id='line_1_23' title="bbox 372 1397 1356 1446; baseline 0.008 -17"><span class='ocrx_word' id='word_1_149' title='bbox 372 1403 479 1430; x_wconf 82' lang='lat' dir='ltr'>natus</span> <span class='ocrx_word' id='word_1_150' title='bbox 502 1408 552 1430; x_wconf 86' lang='lat' dir='ltr'>es.</span> <span class='ocrx_word' id='word_1_151' title='bbox 579 1399 619 1432; x_wconf 83' lang='lat' dir='ltr'>Et</span> <span class='ocrx_word' id='word_1_152' title='bbox 639 1397 708 1432; x_wconf 87' lang='lat' dir='ltr'>lioe</span> <span class='ocrx_word' id='word_1_153' title='bbox 730 1397 849 1446; x_wconf 88' lang='lat' dir='ltr'>ipsum</span> <span class='ocrx_word' id='word_1_154' title='bbox 866 1412 886 1434; x_wconf 88' lang='lat' dir='ltr'>a</span> <span class='ocrx_word' id='word_1_155' title='bbox 903 1398 1022 1435; x_wconf 88' lang='lat' dir='ltr'>brutis</span> <span class='ocrx_word' id='word_1_156' title='bbox 1038 1401 1260 1437; x_wconf 72' lang='lat' dir='ltr'>animalibus</span> <span class='ocrx_word' id='word_1_157' title='bbox 1276 1406 1356 1438; x_wconf 86' lang='lat' dir='ltr'>Ma-</span> 
     </span>
     <span class='ocr_line' id='line_1_24' title="bbox 375 1458 1355 1508; baseline 0.009 -21"><span class='ocrx_word' id='word_1_158' title='bbox 375 1462 429 1488; x_wconf 84' lang='lat' dir='ltr'>ter</span> <span class='ocrx_word' id='word_1_159' title='bbox 464 1462 523 1489; x_wconf 90' lang='lat' dir='ltr'>tua</span> <span class='ocrx_word' id='word_1_160' title='bbox 557 1463 687 1490; x_wconf 90' lang='lat' dir='ltr'>mutuo</span> <span class='ocrx_word' id='word_1_161' title='bbox 723 1458 877 1505; x_wconf 85' lang='lat' dir='ltr'>accepit.</span> <span class='ocrx_word' id='word_1_162' title='bbox 913 1460 1190 1503; x_wconf 86' lang='lat' dir='ltr'>Consolamini‚</span> <span class='ocrx_word' id='word_1_163' title='bbox 1224 1461 1286 1508; x_wconf 83' lang='lat' dir='ltr'>qui</span> <span class='ocrx_word' id='word_1_164' title='bbox 1321 1461 1355 1496; x_wconf 91' lang='lat' dir='ltr'>in</span> 
     </span>
     <span class='ocr_line' id='line_1_25' title="bbox 369 1510 1356 1565; baseline 0.011 -21"><span class='ocrx_word' id='word_1_165' title='bbox 369 1510 542 1548; x_wconf 75' lang='lat' dir='ltr'>sordibus</span> <span class='ocrx_word' id='word_1_166' title='bbox 562 1515 789 1562; x_wconf 77' lang='lat' dir='ltr'>paupertatis</span> <span class='ocrx_word' id='word_1_167' title='bbox 806 1516 1046 1561; x_wconf 89' lang='lat' dir='ltr'>enutrimini,</span> <span class='ocrx_word' id='word_1_168' title='bbox 1064 1518 1150 1565; x_wconf 84' lang='lat' dir='ltr'>quia</span> <span class='ocrx_word' id='word_1_169' title='bbox 1165 1518 1356 1555; x_wconf 75' lang='lat' dir='ltr'>vobiscum</span> 
     </span>
     <span class='ocr_line' id='line_1_26' title="bbox 376 1570 1358 1626; baseline 0.011 -23"><span class='ocrx_word' id='word_1_170' title='bbox 376 1571 472 1604; x_wconf 85' lang='lat' dir='ltr'>Deus</span> <span class='ocrx_word' id='word_1_171' title='bbox 488 1570 523 1605; x_wconf 89' lang='lat' dir='ltr'>in</span> <span class='ocrx_word' id='word_1_172' title='bbox 545 1580 774 1620; x_wconf 88' lang='lat' dir='ltr'>paupertate.</span> <span class='ocrx_word' id='word_1_173' title='bbox 794 1577 874 1609; x_wconf 81' lang='lat' dir='ltr'>Non</span> <span class='ocrx_word' id='word_1_174' title='bbox 892 1574 1002 1611; x_wconf 89' lang='lat' dir='ltr'>cubat</span> <span class='ocrx_word' id='word_1_175' title='bbox 1017 1576 1052 1611; x_wconf 93' lang='lat' dir='ltr'>in</span> <span class='ocrx_word' id='word_1_176' title='bbox 1073 1576 1215 1612; x_wconf 90' lang='lat' dir='ltr'>deliciis</span> <span class='ocrx_word' id='word_1_177' title='bbox 1231 1578 1358 1626; x_wconf 88' lang='lat' dir='ltr'>splen-</span> 
     </span>
     <span class='ocr_line' id='line_1_27' title="bbox 370 1627 1358 1674; baseline 0.01 -12"><span class='ocrx_word' id='word_1_178' title='bbox 370 1627 447 1663; x_wconf 91' lang='lat' dir='ltr'>didi</span> <span class='ocrx_word' id='word_1_179' title='bbox 477 1628 662 1674; x_wconf 79' lang='lat' dir='ltr'>cubiculi,</span> <span class='ocrx_word' id='word_1_180' title='bbox 690 1644 757 1667; x_wconf 90' lang='lat' dir='ltr'>nec</span> <span class='ocrx_word' id='word_1_181' title='bbox 785 1633 976 1669; x_wconf 76' lang='lat' dir='ltr'>invenitur</span> <span class='ocrx_word' id='word_1_182' title='bbox 1003 1635 1037 1670; x_wconf 91' lang='lat' dir='ltr'>in</span> <span class='ocrx_word' id='word_1_183' title='bbox 1070 1644 1167 1671; x_wconf 90' lang='lat' dir='ltr'>terra</span> <span class='ocrx_word' id='word_1_184' title='bbox 1195 1637 1358 1673; x_wconf 70' lang='lat' dir='ltr'>suaviter</span> 
     </span>
     <span class='ocr_line' id='line_1_28' title="bbox 370 1688 1356 1741; baseline 0.011 -20"><span class='ocrx_word' id='word_1_185' title='bbox 370 1688 593 1725; x_wconf 67' lang='lat' dir='ltr'>viventium.</span> <span class='ocrx_word' id='word_1_186' title='bbox 617 1691 715 1738; x_wconf 89' lang='lat' dir='ltr'>Quid</span> <span class='ocrx_word' id='word_1_187' title='bbox 735 1692 830 1728; x_wconf 90' lang='lat' dir='ltr'>ultra</span> <span class='ocrx_word' id='word_1_188' title='bbox 847 1693 1037 1741; x_wconf 83' lang='lat' dir='ltr'>gloriaris,</span> <span class='ocrx_word' id='word_1_189' title='bbox 1057 1708 1079 1730; x_wconf 87' lang='lat'>0</span> <span class='ocrx_word' id='word_1_190' title='bbox 1103 1695 1229 1738; x_wconf 80' lang='lat' dir='ltr'>dives,</span> <span class='ocrx_word' id='word_1_191' title='bbox 1251 1696 1285 1731; x_wconf 95' lang='lat' dir='ltr'>in</span> <span class='ocrx_word' id='word_1_192' title='bbox 1318 1710 1356 1733; x_wconf 89' lang='lat' dir='ltr'>re</span> 
     </span>
     <span class='ocr_line' id='line_1_29' title="bbox 371 1746 1353 1800; baseline 0.012 -21"><span class='ocrx_word' id='word_1_193' title='bbox 371 1746 490 1790; x_wconf 87' lang='lat' dir='ltr'>lutea,</span> <span class='ocrx_word' id='word_1_194' title='bbox 522 1747 556 1782; x_wconf 94' lang='lat' dir='ltr'>in</span> <span class='ocrx_word' id='word_1_195' title='bbox 579 1748 778 1785; x_wconf 84' lang='lat' dir='ltr'>volutabro</span> <span class='ocrx_word' id='word_1_196' title='bbox 800 1751 882 1787; x_wconf 86' lang='lat' dir='ltr'>lecti</span> <span class='ocrx_word' id='word_1_197' title='bbox 904 1752 990 1800; x_wconf 90' lang='lat' dir='ltr'>picti</span> <span class='ocrx_word' id='word_1_198' title='bbox 1018 1761 1054 1788; x_wconf 86' lang='lat' dir='ltr'>ct</span> <span class='ocrx_word' id='word_1_199' title='bbox 1075 1753 1243 1799; x_wconf 90' lang='lat' dir='ltr'>delicati,</span> <span class='ocrx_word' id='word_1_200' title='bbox 1270 1769 1353 1791; x_wconf 92' lang='lat' dir='ltr'>cum</span> 
     </span>
    </p>
   </div>
   <div class='ocr_carea' id='block_1_8' title="bbox 1418 397 2411 1805">
    <p class='ocr_par' dir='ltr' id='par_1_8' title="bbox 1418 397 2411 1805">
     <span class='ocr_line' id='line_1_30' title="bbox 1419 397 2401 446; baseline 0 -12"><span class='ocrx_word' id='word_1_201' title='bbox 1419 400 1600 435; x_wconf 75' lang='lat' dir='ltr'>missurus</span> <span class='ocrx_word' id='word_1_202' title='bbox 1621 411 1751 434; x_wconf 90' lang='lat' dir='ltr'>manus</span> <span class='ocrx_word' id='word_1_203' title='bbox 1769 397 1814 433; x_wconf 89' lang='lat' dir='ltr'>ad</span> <span class='ocrx_word' id='word_1_204' title='bbox 1844 397 1948 433; x_wconf 89' lang='lat' dir='ltr'>fortia</span> <span class='ocrx_word' id='word_1_205' title='bbox 1962 426 1970 442; x_wconf 94' lang='lat'><em>‚</em></span> <span class='ocrx_word' id='word_1_206' title='bbox 1992 410 2162 446; x_wconf 83' lang='lat' dir='ltr'>cgrcssus</span> <span class='ocrx_word' id='word_1_207' title='bbox 2181 411 2220 433; x_wconf 86' lang='lat' dir='ltr'>cs</span> <span class='ocrx_word' id='word_1_208' title='bbox 2240 399 2275 434; x_wconf 93' lang='lat' dir='ltr'>in</span> <span class='ocrx_word' id='word_1_209' title='bbox 2307 400 2401 435; x_wconf 86' lang='lat' dir='ltr'>salu-</span> 
     </span>
     <span class='ocr_line' id='line_1_31' title="bbox 1420 457 2402 507; baseline 0.001 -14"><span class='ocrx_word' id='word_1_210' title='bbox 1420 468 1491 494; x_wconf 85' lang='lat' dir='ltr'>tcm</span> <span class='ocrx_word' id='word_1_211' title='bbox 1515 458 1641 507; x_wconf 90' lang='lat' dir='ltr'>populi</span> <span class='ocrx_word' id='word_1_212' title='bbox 1663 457 1733 501; x_wconf 91' lang='lat' dir='ltr'>tui,</span> <span class='ocrx_word' id='word_1_213' title='bbox 1757 465 1797 492; x_wconf 90' lang='lat' dir='ltr'>ut</span> <span class='ocrx_word' id='word_1_214' title='bbox 1819 457 1920 505; x_wconf 80' lang='lat' dir='ltr'>gigas</span> <span class='ocrx_word' id='word_1_215' title='bbox 1946 457 2163 504; x_wconf 76' lang='lat' dir='ltr'>magnificus</span> <span class='ocrx_word' id='word_1_216' title='bbox 2183 457 2228 492; x_wconf 89' lang='lat' dir='ltr'>ad</span> <span class='ocrx_word' id='word_1_217' title='bbox 2250 471 2402 494; x_wconf 81' lang='lat' dir='ltr'>curren-</span> 
     </span>
     <span class='ocr_line' id='line_1_32' title="bbox 1419 515 2403 564; baseline -0.002 -12"><span class='ocrx_word' id='word_1_218' title='bbox 1419 518 1502 553; x_wconf 90' lang='lat' dir='ltr'>dam</span> <span class='ocrx_word' id='word_1_219' title='bbox 1526 517 1621 552; x_wconf 69' lang='lat' dir='ltr'>viam</span> <span class='ocrx_word' id='word_1_220' title='bbox 1642 516 1753 552; x_wconf 89' lang='lat' dir='ltr'>totius</span> <span class='ocrx_word' id='word_1_221' title='bbox 1774 523 1911 552; x_wconf 63' lang='lat' dir='ltr'>nostra}</span> <span class='ocrx_word' id='word_1_222' title='bbox 1931 515 2100 551; x_wconf 83' lang='lat' dir='ltr'>miseriae.</span> <span class='ocrx_word' id='word_1_223' title='bbox 2121 518 2166 551; x_wconf 85' lang='lat' dir='ltr'>Et</span> <span class='ocrx_word' id='word_1_224' title='bbox 2186 516 2337 564; x_wconf 85' lang='lat' dir='ltr'>quidem</span> <span class='ocrx_word' id='word_1_225' title='bbox 2363 525 2403 552; x_wconf 87' lang='lat' dir='ltr'>ut</span> 
     </span>
     <span class='ocr_line' id='line_1_33' title="bbox 1421 573 2400 625; baseline -0.001 -14"><span class='ocrx_word' id='word_1_226' title='bbox 1421 590 1485 625; x_wconf 84' lang='lat' dir='ltr'>pcr</span> <span class='ocrx_word' id='word_1_227' title='bbox 1517 576 1642 611; x_wconf 87' lang='lat' dir='ltr'>omnia</span> <span class='ocrx_word' id='word_1_228' title='bbox 1682 583 1715 609; x_wconf 86' lang='lat' dir='ltr'>tc</span> <span class='ocrx_word' id='word_1_229' title='bbox 1746 574 1908 623; x_wconf 88' lang='lat' dir='ltr'>primum</span> <span class='ocrx_word' id='word_1_230' title='bbox 1945 573 2120 611; x_wconf 88' lang='lat' dir='ltr'>fratribus</span> <span class='ocrx_word' id='word_1_231' title='bbox 2159 576 2400 618; x_wconf 86' lang='lat' dir='ltr'>assimilares,</span> 
     </span>
     <span class='ocr_line' id='line_1_34' title="bbox 1418 633 2401 684; baseline 0 -14"><span class='ocrx_word' id='word_1_232' title='bbox 1418 648 1564 671; x_wconf 77' lang='lat' dir='ltr'>serrum</span> <span class='ocrx_word' id='word_1_233' title='bbox 1596 644 1697 670; x_wconf 88' lang='lat' dir='ltr'>tumn</span> <span class='ocrx_word' id='word_1_234' title='bbox 1724 633 1970 682; x_wconf 83' lang='lat' dir='ltr'>baptizantem</span> <span class='ocrx_word' id='word_1_235' title='bbox 1993 642 2205 681; x_wconf 70' lang='lat' dir='ltr'>peccatores</span> <span class='ocrx_word' id='word_1_236' title='bbox 2222 635 2256 670; x_wconf 92' lang='lat' dir='ltr'>in</span> <span class='ocrx_word' id='word_1_237' title='bbox 2279 635 2401 684; x_wconf 81' lang='lat' dir='ltr'>poeni-</span> 
     </span>
     <span class='ocr_line' id='line_1_35' title="bbox 1420 693 2400 742; baseline -0.001 -12"><span class='ocrx_word' id='word_1_238' title='bbox 1420 696 1594 738; x_wconf 82' lang='lat' dir='ltr'>tentiam,</span> <span class='ocrx_word' id='word_1_239' title='bbox 1630 703 1804 742; x_wconf 84' lang='lat' dir='ltr'>tanquam</span> <span class='ocrx_word' id='word_1_240' title='bbox 1838 701 2010 741; x_wconf 83' lang='lat' dir='ltr'>peccator</span> <span class='ocrx_word' id='word_1_241' title='bbox 2041 693 2148 728; x_wconf 85' lang='lat' dir='ltr'>adisti</span> <span class='ocrx_word' id='word_1_242' title='bbox 2183 708 2189 729; x_wconf 91' lang='lat'><strong>:</strong></span> <span class='ocrx_word' id='word_1_243' title='bbox 2224 693 2400 742; x_wconf 88' lang='lat' dir='ltr'>baptizari</span> 
     </span>
     <span class='ocr_line' id='line_1_36' title="bbox 1420 753 2404 804; baseline -0.001 -14"><span class='ocrx_word' id='word_1_244' title='bbox 1420 763 1452 790; x_wconf 88' lang='lat' dir='ltr'>tc</span> <span class='ocrx_word' id='word_1_245' title='bbox 1474 753 1690 804; x_wconf 82' lang='lat' dir='ltr'>postulasti,</span> <span class='ocrx_word' id='word_1_246' title='bbox 1715 753 1894 788; x_wconf 86' lang='lat' dir='ltr'>innocens</span> <span class='ocrx_word' id='word_1_247' title='bbox 1925 757 2028 800; x_wconf 82' lang='lat' dir='ltr'>Agne</span> <span class='ocrx_word' id='word_1_248' title='bbox 2060 753 2146 796; x_wconf 88' lang='lat' dir='ltr'>Dei,</span> <span class='ocrx_word' id='word_1_249' title='bbox 2167 766 2278 802; x_wconf 85' lang='lat' dir='ltr'>quem</span> <span class='ocrx_word' id='word_1_250' title='bbox 2305 753 2404 789; x_wconf 87' lang='lat' dir='ltr'>nulla</span> 
     </span>
     <span class='ocr_line' id='line_1_37' title="bbox 1419 811 2404 862; baseline 0 -15"><span class='ocrx_word' id='word_1_251' title='bbox 1419 814 1556 862; x_wconf 82' lang='lat' dir='ltr'>pcccati</span> <span class='ocrx_word' id='word_1_252' title='bbox 1597 812 1691 849; x_wconf 85' lang='lat' dir='ltr'>stilla</span> <span class='ocrx_word' id='word_1_253' title='bbox 1732 824 1896 859; x_wconf 88' lang='lat' dir='ltr'>unquam</span> <span class='ocrx_word' id='word_1_254' title='bbox 1940 811 2148 847; x_wconf 78' lang='lat' dir='ltr'>maculavit.</span> <span class='ocrx_word' id='word_1_255' title='bbox 2192 812 2404 861; x_wconf 81' lang='lat' dir='ltr'>Baptizatus</span> 
     </span>
     <span class='ocr_line' id='line_1_38' title="bbox 1418 869 2401 918; baseline -0.001 -11"><span class='ocrx_word' id='word_1_256' title='bbox 1418 880 1538 907; x_wconf 86' lang='lat' dir='ltr'>autem</span> <span class='ocrx_word' id='word_1_257' title='bbox 1565 885 1638 906; x_wconf 90' lang='lat' dir='ltr'>non</span> <span class='ocrx_word' id='word_1_258' title='bbox 1669 879 1702 905; x_wconf 86' lang='lat' dir='ltr'>te</span> <span class='ocrx_word' id='word_1_259' title='bbox 1729 871 1764 905; x_wconf 94' lang='lat' dir='ltr'>in</span> <span class='ocrx_word' id='word_1_260' title='bbox 1790 869 1915 918; x_wconf 90' lang='lat' dir='ltr'>aquis,</span> <span class='ocrx_word' id='word_1_261' title='bbox 1938 869 2117 918; x_wconf 81' lang='lat' dir='ltr'>sedaquas</span> <span class='ocrx_word' id='word_1_262' title='bbox 2154 870 2228 905; x_wconf 91' lang='lat' dir='ltr'>inte</span> <span class='ocrx_word' id='word_1_263' title='bbox 2262 871 2401 906; x_wconf 85' lang='lat' dir='ltr'>sancti—</span> 
     </span>
     <span class='ocr_line' id='line_1_39' title="bbox 1421 928 2404 979; baseline -0.004 -13"><span class='ocrx_word' id='word_1_264' title='bbox 1421 933 1522 974; x_wconf 85' lang='lat' dir='ltr'>licas,</span> <span class='ocrx_word' id='word_1_265' title='bbox 1547 939 1584 966; x_wconf 93' lang='lat' dir='ltr'>ut</span> <span class='ocrx_word' id='word_1_266' title='bbox 1609 943 1674 979; x_wconf 85' lang='lat' dir='ltr'>pcr</span> <span class='ocrx_word' id='word_1_267' title='bbox 1693 942 1753 965; x_wconf 84' lang='lat' dir='ltr'>eas</span> <span class='ocrx_word' id='word_1_268' title='bbox 1770 928 2017 965; x_wconf 84' lang='lat' dir='ltr'>sanctificares</span> <span class='ocrx_word' id='word_1_269' title='bbox 2037 942 2117 964; x_wconf 92' lang='lat' dir='ltr'>nos.</span> <span class='ocrx_word' id='word_1_270' title='bbox 2139 932 2194 965; x_wconf 90' lang='lat' dir='ltr'>De</span> <span class='ocrx_word' id='word_1_271' title='bbox 2214 929 2404 979; x_wconf 76' lang='lat' dir='ltr'>baptismo</span> 
     </span>
     <span class='ocr_line' id='line_1_40' title="bbox 1421 988 2401 1037; baseline 0 -12"><span class='ocrx_word' id='word_1_272' title='bbox 1421 990 1455 1025; x_wconf 89' lang='lat' dir='ltr'>in</span> <span class='ocrx_word' id='word_1_273' title='bbox 1477 990 1664 1025; x_wconf 66' lang='lat' dir='ltr'>desertum</span> <span class='ocrx_word' id='word_1_274' title='bbox 1689 989 1722 1024; x_wconf 88' lang='lat' dir='ltr'>in</span> <span class='ocrx_word' id='word_1_275' title='bbox 1744 989 1875 1037; x_wconf 83' lang='lat' dir='ltr'>spiritu</span> <span class='ocrx_word' id='word_1_276' title='bbox 1904 988 2132 1024; x_wconf 81' lang='lat' dir='ltr'>fortitudinis</span> <span class='ocrx_word' id='word_1_277' title='bbox 2157 1001 2325 1037; x_wconf 87' lang='lat' dir='ltr'>egressus</span> <span class='ocrx_word' id='word_1_278' title='bbox 2342 1002 2401 1032; x_wconf 85' lang='lat' dir='ltr'>es,</span> 
     </span>
     <span class='ocr_line' id='line_1_41' title="bbox 1421 1046 2402 1096; baseline -0.002 -12"><span class='ocrx_word' id='word_1_279' title='bbox 1421 1057 1460 1084; x_wconf 92' lang='lat' dir='ltr'>ut</span> <span class='ocrx_word' id='word_1_280' title='bbox 1480 1049 1564 1084; x_wconf 77' lang='lat' dir='ltr'>vita·</span> <span class='ocrx_word' id='word_1_281' title='bbox 1584 1048 1759 1084; x_wconf 73' lang='lat' dir='ltr'>solitariae</span> <span class='ocrx_word' id='word_1_282' title='bbox 1786 1050 1820 1083; x_wconf 91' lang='lat' dir='ltr'>in</span> <span class='ocrx_word' id='word_1_283' title='bbox 1845 1056 1879 1082; x_wconf 92' lang='lat' dir='ltr'>te</span> <span class='ocrx_word' id='word_1_284' title='bbox 1894 1060 1982 1082; x_wconf 80' lang='lat' dir='ltr'>-non</span> <span class='ocrx_word' id='word_1_285' title='bbox 2014 1046 2156 1083; x_wconf 80' lang='lat' dir='ltr'>deesset</span> <span class='ocrx_word' id='word_1_286' title='bbox 2175 1048 2402 1096; x_wconf 83' lang='lat' dir='ltr'>exemplum.</span> 
     </span>
     <span class='ocr_line' id='line_1_42' title="bbox 1422 1106 2403 1156; baseline -0.001 -13"><span class='ocrx_word' id='word_1_287' title='bbox 1422 1108 1668 1143; x_wconf 77' lang='lat' dir='ltr'>Solitudinem</span> <span class='ocrx_word' id='word_1_288' title='bbox 1695 1121 1735 1143; x_wconf 88' lang='lat' dir='ltr'>ac</span> <span class='ocrx_word' id='word_1_289' title='bbox 1756 1106 1942 1156; x_wconf 88' lang='lat' dir='ltr'>jejunium</span> <span class='ocrx_word' id='word_1_290' title='bbox 1965 1106 2209 1155; x_wconf 81' lang='lat' dir='ltr'>‹piadraginta</span> <span class='ocrx_word' id='word_1_291' title='bbox 2233 1106 2403 1149; x_wconf 90' lang='lat' dir='ltr'>dierum,</span> 
     </span>
     <span class='ocr_line' id='line_1_43' title="bbox 1422 1165 2406 1214; baseline -0.001 -13"><span class='ocrx_word' id='word_1_292' title='bbox 1422 1166 1525 1203; x_wconf 89' lang='lat' dir='ltr'>famis</span> <span class='ocrx_word' id='word_1_293' title='bbox 1544 1166 1803 1210; x_wconf 83' lang='lat' dir='ltr'>acerbitatem,</span> <span class='ocrx_word' id='word_1_294' title='bbox 1825 1173 2050 1201; x_wconf 83' lang='lat' dir='ltr'>tentamenta</span> <span class='ocrx_word' id='word_1_295' title='bbox 2069 1173 2105 1200; x_wconf 87' lang='lat' dir='ltr'>et</span> <span class='ocrx_word' id='word_1_296' title='bbox 2123 1165 2312 1201; x_wconf 88' lang='lat' dir='ltr'>illusiones</span> <span class='ocrx_word' id='word_1_297' title='bbox 2328 1165 2406 1214; x_wconf 90' lang='lat' dir='ltr'>spi-</span> 
     </span>
     <span class='ocr_line' id='line_1_44' title="bbox 1423 1223 2408 1274; baseline -0.001 -14"><span class='ocrx_word' id='word_1_298' title='bbox 1423 1226 1513 1261; x_wconf 86' lang='lat' dir='ltr'>ritus</span> <span class='ocrx_word' id='word_1_299' title='bbox 1530 1225 1788 1274; x_wconf 79' lang='lat' dir='ltr'>aequanimiter</span> <span class='ocrx_word' id='word_1_300' title='bbox 1806 1224 1990 1267; x_wconf 90' lang='lat' dir='ltr'>tolerasti,</span> <span class='ocrx_word' id='word_1_301' title='bbox 2013 1232 2052 1259; x_wconf 93' lang='lat' dir='ltr'>ut</span> <span class='ocrx_word' id='word_1_302' title='bbox 2070 1223 2146 1259; x_wconf 73' lang='lat' dir='ltr'>liaee</span> <span class='ocrx_word' id='word_1_303' title='bbox 2159 1223 2284 1260; x_wconf 86' lang='lat' dir='ltr'>omnia</span> <span class='ocrx_word' id='word_1_304' title='bbox 2300 1223 2408 1259; x_wconf 83' lang='lat' dir='ltr'>nobis</span> 
     </span>
     <span class='ocr_line' id='line_1_45' title="bbox 1424 1281 2408 1330; baseline 0 -14"><span class='ocrx_word' id='word_1_305' title='bbox 1424 1282 1627 1318; x_wconf 83' lang='lat' dir='ltr'>tolerabilia</span> <span class='ocrx_word' id='word_1_306' title='bbox 1643 1282 1820 1317; x_wconf 82' lang='lat' dir='ltr'>efficeres.</span> <span class='ocrx_word' id='word_1_307' title='bbox 1838 1285 1996 1318; x_wconf 92' lang='lat' dir='ltr'>Demum</span> <span class='ocrx_word' id='word_1_308' title='bbox 2015 1281 2149 1318; x_wconf 73' lang='lat' dir='ltr'>venisti</span> <span class='ocrx_word' id='word_1_309' title='bbox 2164 1281 2208 1317; x_wconf 88' lang='lat' dir='ltr'>ad</span> <span class='ocrx_word' id='word_1_310' title='bbox 2221 1294 2310 1318; x_wconf 82' lang='lat' dir='ltr'>oves</span> <span class='ocrx_word' id='word_1_311' title='bbox 2325 1295 2408 1330; x_wconf 61' lang='lat' dir='ltr'>quse</span> 
     </span>
     <span class='ocr_line' id='line_1_46' title="bbox 1423 1340 2406 1391; baseline 0 -14"><span class='ocrx_word' id='word_1_312' title='bbox 1423 1343 1612 1391; x_wconf 76' lang='lat' dir='ltr'>perierant</span> <span class='ocrx_word' id='word_1_313' title='bbox 1631 1341 1765 1377; x_wconf 87' lang='lat' dir='ltr'>domus</span> <span class='ocrx_word' id='word_1_314' title='bbox 1781 1342 1894 1377; x_wconf 88' lang='lat' dir='ltr'>Israel</span> <span class='ocrx_word' id='word_1_315' title='bbox 1911 1369 1920 1385; x_wconf 90' lang='lat'>,</span> <span class='ocrx_word' id='word_1_316' title='bbox 1938 1341 2055 1377; x_wconf 91' lang='lat' dir='ltr'>divini</span> <span class='ocrx_word' id='word_1_317' title='bbox 2076 1340 2180 1377; x_wconf 77' lang='lat' dir='ltr'>verbi</span> <span class='ocrx_word' id='word_1_318' title='bbox 2198 1342 2406 1390; x_wconf 84' lang='lat' dir='ltr'>lampadem</span> 
     </span>
     <span class='ocr_line' id='line_1_47' title="bbox 1422 1399 2409 1448; baseline 0.001 -13"><span class='ocrx_word' id='word_1_319' title='bbox 1422 1400 1606 1435; x_wconf 77' lang='lat' dir='ltr'>extollens</span> <span class='ocrx_word' id='word_1_320' title='bbox 1636 1400 1756 1448; x_wconf 88' lang='lat' dir='ltr'>palam</span> <span class='ocrx_word' id='word_1_321' title='bbox 1790 1399 1837 1435; x_wconf 90' lang='lat' dir='ltr'>ad</span> <span class='ocrx_word' id='word_1_322' title='bbox 1866 1399 2178 1435; x_wconf 83' lang='lat' dir='ltr'>illuminationem</span> <span class='ocrx_word' id='word_1_323' title='bbox 2208 1400 2309 1436; x_wconf 89' lang='lat' dir='ltr'>orbis</span> <span class='ocrx_word' id='word_1_324' title='bbox 2339 1409 2409 1437; x_wconf 90' lang='lat' dir='ltr'>ter-</span> 
     </span>
     <span class='ocr_line' id='line_1_48' title="bbox 1425 1457 2409 1508; baseline 0 -13"><span class='ocrx_word' id='word_1_325' title='bbox 1425 1473 1494 1504; x_wconf 75' lang='lat' dir='ltr'>rae,</span> <span class='ocrx_word' id='word_1_326' title='bbox 1516 1467 1552 1495; x_wconf 89' lang='lat' dir='ltr'>et</span> <span class='ocrx_word' id='word_1_327' title='bbox 1573 1471 1728 1508; x_wconf 81' lang='lat' dir='ltr'>regnum</span> <span class='ocrx_word' id='word_1_328' title='bbox 1751 1458 1820 1494; x_wconf 92' lang='lat' dir='ltr'>Dei</span> <span class='ocrx_word' id='word_1_329' title='bbox 1839 1458 1982 1494; x_wconf 88' lang='lat' dir='ltr'>cunctis</span> <span class='ocrx_word' id='word_1_330' title='bbox 2008 1459 2234 1494; x_wconf 87' lang='lat' dir='ltr'>annuntians</span> <span class='ocrx_word' id='word_1_331' title='bbox 2262 1457 2409 1495; x_wconf 88' lang='lat' dir='ltr'>obtem·-</span> 
     </span>
     <span class='ocr_line' id='line_1_49' title="bbox 1426 1516 2411 1568; baseline 0 -14"><span class='ocrx_word' id='word_1_332' title='bbox 1426 1519 1643 1568; x_wconf 86' lang='lat' dir='ltr'>perantibus</span> <span class='ocrx_word' id='word_1_333' title='bbox 1673 1516 1814 1562; x_wconf 85' lang='lat' dir='ltr'>verbo,</span> <span class='ocrx_word' id='word_1_334' title='bbox 1837 1530 2049 1553; x_wconf 87' lang='lat' dir='ltr'>sermonem</span> <span class='ocrx_word' id='word_1_335' title='bbox 2079 1517 2323 1566; x_wconf 88' lang='lat' dir='ltr'>sequentibus</span> <span class='ocrx_word' id='word_1_336' title='bbox 2360 1518 2411 1554; x_wconf 77' lang='lat' dir='ltr'>si-</span> 
     </span>
     <span class='ocr_line' id='line_1_50' title="bbox 1424 1576 2411 1627; baseline -0.001 -13"><span class='ocrx_word' id='word_1_337' title='bbox 1424 1579 1506 1627; x_wconf 83' lang='lat' dir='ltr'>gnis</span> <span class='ocrx_word' id='word_1_338' title='bbox 1526 1577 1774 1622; x_wconf 79' lang='lat' dir='ltr'>confirmasti,</span> <span class='ocrx_word' id='word_1_339' title='bbox 1791 1576 1965 1612; x_wconf 77' lang='lat' dir='ltr'>virtutem</span> <span class='ocrx_word' id='word_1_340' title='bbox 1984 1576 2188 1612; x_wconf 88' lang='lat' dir='ltr'>divinitatis</span> <span class='ocrx_word' id='word_1_341' title='bbox 2208 1576 2243 1612; x_wconf 92' lang='lat' dir='ltr'>in</span> <span class='ocrx_word' id='word_1_342' title='bbox 2268 1577 2411 1614; x_wconf 91' lang='lat' dir='ltr'>cunctis</span> 
     </span>
     <span class='ocr_line' id='line_1_51' title="bbox 1424 1634 2411 1682; baseline 0.001 -10"><span class='ocrx_word' id='word_1_343' title='bbox 1424 1637 1643 1682; x_wconf 76' lang='lat' dir='ltr'>ostendisti,</span> <span class='ocrx_word' id='word_1_344' title='bbox 1664 1637 1758 1672; x_wconf 87' lang='lat' dir='ltr'>male</span> <span class='ocrx_word' id='word_1_345' title='bbox 1776 1634 2022 1680; x_wconf 87' lang='lat' dir='ltr'>habentibus,</span> <span class='ocrx_word' id='word_1_346' title='bbox 2041 1643 2076 1672; x_wconf 89' lang='lat' dir='ltr'>et</span> <span class='ocrx_word' id='word_1_347' title='bbox 2094 1635 2218 1671; x_wconf 89' lang='lat' dir='ltr'>omnia</span> <span class='ocrx_word' id='word_1_348' title='bbox 2234 1635 2411 1673; x_wconf 88' lang='lat' dir='ltr'>omnibus</span> 
     </span>
     <span class='ocr_line' id='line_1_52' title="bbox 1422 1695 2409 1746; baseline -0.002 -13"><span class='ocrx_word' id='word_1_349' title='bbox 1422 1696 1595 1746; x_wconf 82' lang='lat' dir='ltr'>gentibus</span> <span class='ocrx_word' id='word_1_350' title='bbox 1608 1697 1720 1746; x_wconf 87' lang='lat' dir='ltr'>gratis</span> <span class='ocrx_word' id='word_1_351' title='bbox 1733 1695 1915 1732; x_wconf 79' lang='lat' dir='ltr'>exhibens</span> <span class='ocrx_word' id='word_1_352' title='bbox 1929 1723 1937 1738; x_wconf 88' lang='lat'><strong>‚</strong></span> <span class='ocrx_word' id='word_1_353' title='bbox 1953 1708 2036 1744; x_wconf 77' lang='lat' dir='ltr'>quae</span> <span class='ocrx_word' id='word_1_354' title='bbox 2049 1695 2156 1731; x_wconf 86' lang='lat' dir='ltr'>saluti</span> <span class='ocrx_word' id='word_1_355' title='bbox 2172 1704 2409 1745; x_wconf 87' lang='lat' dir='ltr'>peccatorum</span> 
     </span>
     <span class='ocr_line' id='line_1_53' title="bbox 1422 1754 2409 1805; baseline -0.002 -13"><span class='ocrx_word' id='word_1_356' title='bbox 1422 1764 1694 1805; x_wconf 86' lang='lat' dir='ltr'>congruerent,</span> <span class='ocrx_word' id='word_1_357' title='bbox 1715 1764 1755 1792; x_wconf 87' lang='lat' dir='ltr'>ut</span> <span class='ocrx_word' id='word_1_358' title='bbox 1771 1768 1902 1791; x_wconf 88' lang='lat' dir='ltr'>omnes</span> <span class='ocrx_word' id='word_1_359' title='bbox 1920 1755 2166 1791; x_wconf 88' lang='lat' dir='ltr'>lucrifaceres.</span> <span class='ocrx_word' id='word_1_360' title='bbox 2184 1755 2256 1791; x_wconf 89' lang='lat' dir='ltr'>Sed</span> <span class='ocrx_word' id='word_1_361' title='bbox 2270 1754 2409 1791; x_wconf 90' lang='lat' dir='ltr'>obscu-</span> 
     </span>
    </p>
   </div>
   <div class='ocr_carea' id='block_1_9' title="bbox 368 1808 2410 1864">
    <p class='ocr_par' dir='ltr' id='par_1_9' title="bbox 368 1808 2410 1864">
     <span class='ocr_line' id='line_1_54' title="bbox 368 1808 2410 1864; baseline 0.005 -24"><span class='ocrx_word' id='word_1_362' title='bbox 368 1808 446 1840; x_wconf 66' lang='lat' dir='ltr'>Rex</span> <span class='ocrx_word' id='word_1_363' title='bbox 480 1818 607 1855; x_wconf 84' lang='lat' dir='ltr'>regum</span> <span class='ocrx_word' id='word_1_364' title='bbox 630 1808 799 1844; x_wconf 79' lang='lat' dir='ltr'>recubitu</span> <span class='ocrx_word' id='word_1_365' title='bbox 818 1823 885 1845; x_wconf 83' lang='lat' dir='ltr'>suo</span> <span class='ocrx_word' id='word_1_366' title='bbox 920 1824 1126 1860; x_wconf 86' lang='lat' dir='ltr'>pauperum</span> <span class='ocrx_word' id='word_1_367' title='bbox 1154 1822 1355 1850; x_wconf 78' lang='lat' dir='ltr'>stramenta</span> <span class='ocrx_word' id='word_1_368' title='bbox 1376 1819 1402 1853; x_wconf 89' lang='lat' dir='ltr'>C</span> <span class='ocrx_word' id='word_1_369' title='bbox 1425 1825 1544 1852; x_wconf 86' lang='lat' dir='ltr'>ratum</span> <span class='ocrx_word' id='word_1_370' title='bbox 1578 1824 1634 1852; x_wconf 88' lang='lat' dir='ltr'>est</span> <span class='ocrx_word' id='word_1_371' title='bbox 1665 1815 1846 1864; x_wconf 84' lang='lat' dir='ltr'>insipiens</span> <span class='ocrx_word' id='word_1_372' title='bbox 1875 1827 1940 1850; x_wconf 87' lang='lat' dir='ltr'>cor</span> <span class='ocrx_word' id='word_1_373' title='bbox 1969 1827 2125 1859; x_wconf 89' lang='lat' dir='ltr'>eorum,</span> <span class='ocrx_word' id='word_1_374' title='bbox 2158 1815 2342 1859; x_wconf 89' lang='lat' dir='ltr'>Domine,</span> <span class='ocrx_word' id='word_1_375' title='bbox 2373 1823 2410 1850; x_wconf 86' lang='lat' dir='ltr'>ct</span> 
     </span>
    </p>
   </div>
   <div class='ocr_carea' id='block_1_10' title="bbox 369 1863 1362 2571">
    <p class='ocr_par' dir='ltr' id='par_1_10' title="bbox 369 1863 1362 2571">
     <span class='ocr_line' id='line_1_55' title="bbox 370 1863 1355 1917; baseline 0.011 -20"><span class='ocrx_word' id='word_1_376' title='bbox 370 1863 566 1901; x_wconf 85' lang='lat' dir='ltr'>honestare</span> <span class='ocrx_word' id='word_1_377' title='bbox 586 1866 778 1903; x_wconf 76' lang='lat' dir='ltr'>maluerit?</span> <span class='ocrx_word' id='word_1_378' title='bbox 796 1868 885 1917; x_wconf 80' lang='lat' dir='ltr'>quid</span> <span class='ocrx_word' id='word_1_379' title='bbox 916 1869 1008 1906; x_wconf 90' lang='lat' dir='ltr'>dura</span> <span class='ocrx_word' id='word_1_380' title='bbox 1031 1879 1232 1907; x_wconf 88' lang='lat' dir='ltr'>stramenta</span> <span class='ocrx_word' id='word_1_381' title='bbox 1255 1873 1355 1908; x_wconf 86' lang='lat' dir='ltr'>detc-</span> 
     </span>
     <span class='ocr_line' id='line_1_56' title="bbox 371 1922 1355 1978; baseline 0.01 -21"><span class='ocrx_word' id='word_1_382' title='bbox 371 1922 479 1958; x_wconf 84' lang='lat' dir='ltr'>staris</span> <span class='ocrx_word' id='word_1_383' title='bbox 493 1951 502 1967; x_wconf 95' lang='lat'>,</span> <span class='ocrx_word' id='word_1_384' title='bbox 522 1937 605 1960; x_wconf 91' lang='lat' dir='ltr'>cum</span> <span class='ocrx_word' id='word_1_385' title='bbox 627 1933 729 1961; x_wconf 88' lang='lat' dir='ltr'>tener</span> <span class='ocrx_word' id='word_1_386' title='bbox 748 1926 952 1965; x_wconf 81' lang='lat' dir='ltr'>infantulus</span> <span class='ocrx_word' id='word_1_387' title='bbox 966 1929 1001 1964; x_wconf 93' lang='lat' dir='ltr'>in</span> <span class='ocrx_word' id='word_1_388' title='bbox 1018 1929 1124 1978; x_wconf 86' lang='lat' dir='ltr'>cujus</span> <span class='ocrx_word' id='word_1_389' title='bbox 1142 1943 1253 1966; x_wconf 90' lang='lat' dir='ltr'>manu</span> <span class='ocrx_word' id='word_1_390' title='bbox 1270 1940 1355 1967; x_wconf 90' lang='lat' dir='ltr'>sunt</span> 
     </span>
     <span class='ocr_line' id='line_1_57' title="bbox 370 1982 1358 2039; baseline 0.011 -23"><span class='ocrx_word' id='word_1_391' title='bbox 370 1982 517 2027; x_wconf 84' lang='lat' dir='ltr'>onmia,</span> <span class='ocrx_word' id='word_1_392' title='bbox 539 1984 610 2019; x_wconf 88' lang='lat' dir='ltr'>tuis</span> <span class='ocrx_word' id='word_1_393' title='bbox 639 1985 786 2029; x_wconf 86' lang='lat' dir='ltr'>sericis,</span> <span class='ocrx_word' id='word_1_394' title='bbox 813 1987 882 2023; x_wconf 90' lang='lat' dir='ltr'>tuis</span> <span class='ocrx_word' id='word_1_395' title='bbox 903 1989 1040 2036; x_wconf 88' lang='lat' dir='ltr'>plumis</span> <span class='ocrx_word' id='word_1_396' title='bbox 1068 1989 1180 2026; x_wconf 91' lang='lat' dir='ltr'>duras</span> <span class='ocrx_word' id='word_1_397' title='bbox 1203 1990 1358 2039; x_wconf 87' lang='lat' dir='ltr'>jumen-</span> 
     </span>
     <span class='ocr_line' id='line_1_58' title="bbox 372 2042 1355 2095; baseline 0.012 -20"><span class='ocrx_word' id='word_1_398' title='bbox 372 2049 494 2076; x_wconf 88' lang='lat' dir='ltr'>torum</span> <span class='ocrx_word' id='word_1_399' title='bbox 518 2042 672 2091; x_wconf 89' lang='lat' dir='ltr'>stipulas</span> <span class='ocrx_word' id='word_1_400' title='bbox 696 2045 952 2093; x_wconf 77' lang='lat' dir='ltr'>praeclcgerit?</span> <span class='ocrx_word' id='word_1_401' title='bbox 970 2047 1039 2083; x_wconf 86' lang='lat' dir='ltr'>Sed</span> <span class='ocrx_word' id='word_1_402' title='bbox 1066 2056 1102 2084; x_wconf 90' lang='lat' dir='ltr'>et</span> <span class='ocrx_word' id='word_1_403' title='bbox 1123 2050 1256 2086; x_wconf 82' lang='lat' dir='ltr'>tenella</span> <span class='ocrx_word' id='word_1_404' title='bbox 1274 2059 1355 2095; x_wconf 91' lang='lat' dir='ltr'>tua,</span> 
     </span>
     <span class='ocr_line' id='line_1_59' title="bbox 369 2100 1356 2157; baseline 0.012 -23"><span class='ocrx_word' id='word_1_405' title='bbox 369 2100 533 2146; x_wconf 73' lang='lat' dir='ltr'>Christe,</span> <span class='ocrx_word' id='word_1_406' title='bbox 562 2102 716 2139; x_wconf 88' lang='lat' dir='ltr'>infantia</span> <span class='ocrx_word' id='word_1_407' title='bbox 748 2118 766 2140; x_wconf 92' lang='lat' dir='ltr'>a</span> <span class='ocrx_word' id='word_1_408' title='bbox 802 2115 1087 2154; x_wconf 83' lang='lat' dir='ltr'>persecutorum</span> <span class='ocrx_word' id='word_1_409' title='bbox 1117 2109 1248 2157; x_wconf 76' lang='lat' dir='ltr'>gladiis</span> <span class='ocrx_word' id='word_1_410' title='bbox 1280 2118 1356 2146; x_wconf 90' lang='lat' dir='ltr'>tuta</span> 
     </span>
     <span class='ocr_line' id='line_1_60' title="bbox 372 2161 1360 2206; baseline 0.012 -12"><span class='ocrx_word' id='word_1_411' title='bbox 372 2174 447 2195; x_wconf 90' lang='lat' dir='ltr'>non</span> <span class='ocrx_word' id='word_1_412' title='bbox 471 2161 548 2197; x_wconf 88' lang='lat' dir='ltr'>fuit.</span> <span class='ocrx_word' id='word_1_413' title='bbox 570 2162 700 2199; x_wconf 77' lang='lat' dir='ltr'>Adhuc</span> <span class='ocrx_word' id='word_1_414' title='bbox 716 2164 814 2200; x_wconf 88' lang='lat' dir='ltr'>enim</span> <span class='ocrx_word' id='word_1_415' title='bbox 837 2165 936 2202; x_wconf 90' lang='lat' dir='ltr'>inter</span> <span class='ocrx_word' id='word_1_416' title='bbox 953 2167 1076 2204; x_wconf 87' lang='lat' dir='ltr'>dulcia</span> <span class='ocrx_word' id='word_1_417' title='bbox 1096 2170 1224 2205; x_wconf 83' lang='lat' dir='ltr'>Matris</span> <span class='ocrx_word' id='word_1_418' title='bbox 1246 2170 1360 2206; x_wconf 86' lang='lat' dir='ltr'>ubera</span> 
     </span>
     <span class='ocr_line' id='line_1_61' title="bbox 371 2221 1361 2278; baseline 0.011 -24"><span class='ocrx_word' id='word_1_419' title='bbox 371 2232 506 2269; x_wconf 79' lang='lat' dir='ltr'>sugens</span> <span class='ocrx_word' id='word_1_420' title='bbox 536 2221 797 2270; x_wconf 81' lang='lat' dir='ltr'>dependebas,</span> <span class='ocrx_word' id='word_1_421' title='bbox 829 2226 981 2274; x_wconf 87' lang='lat' dir='ltr'>quando</span> <span class='ocrx_word' id='word_1_422' title='bbox 1007 2229 1180 2277; x_wconf 87' lang='lat' dir='ltr'>apparuit</span> <span class='ocrx_word' id='word_1_423' title='bbox 1208 2230 1361 2278; x_wconf 75' lang='lat' dir='ltr'>angelus</span> 
     </span>
     <span class='ocr_line' id='line_1_62' title="bbox 372 2278 1362 2337; baseline 0.011 -24"><span class='ocrx_word' id='word_1_424' title='bbox 372 2278 408 2313; x_wconf 91' lang='lat' dir='ltr'>in</span> <span class='ocrx_word' id='word_1_425' title='bbox 436 2281 576 2316; x_wconf 82' lang='lat' dir='ltr'>somnis</span> <span class='ocrx_word' id='word_1_426' title='bbox 607 2283 767 2331; x_wconf 68' lang='lat' dir='ltr'>joseph,</span> <span class='ocrx_word' id='word_1_427' title='bbox 803 2284 930 2321; x_wconf 75' lang='lat' dir='ltr'>dicens</span> <span class='ocrx_word' id='word_1_428' title='bbox 963 2301 968 2320; x_wconf 80' lang='lat' dir='ltr'>z</span> <span class='ocrx_word' id='word_1_429' title='bbox 1003 2290 1137 2336; x_wconf 78' lang='lat' dir='ltr'>Surge,</span> <span class='ocrx_word' id='word_1_430' title='bbox 1169 2298 1204 2324; x_wconf 69' lang='lat' dir='ltr'>et</span> <span class='ocrx_word' id='word_1_431' title='bbox 1236 2294 1362 2337; x_wconf 72' lang='lat' dir='ltr'>accipe</span> 
     </span>
     <span class='ocr_line' id='line_1_63' title="bbox 374 2339 1358 2395; baseline 0.013 -25"><span class='ocrx_word' id='word_1_432' title='bbox 374 2339 534 2373; x_wconf 75' lang='lat' dir='ltr'>Puerum</span> <span class='ocrx_word' id='word_1_433' title='bbox 563 2350 598 2374; x_wconf 79' lang='lat' dir='ltr'>et</span> <span class='ocrx_word' id='word_1_434' title='bbox 622 2342 784 2377; x_wconf 52' lang='lat' dir='ltr'>[Uatreni</span> <span class='ocrx_word' id='word_1_435' title='bbox 806 2345 900 2387; x_wconf 68' lang='lat' dir='ltr'>ejas,</span> <span class='ocrx_word' id='word_1_436' title='bbox 921 2355 955 2380; x_wconf 71' lang='lat' dir='ltr'>et</span> <span class='ocrx_word' id='word_1_437' title='bbox 971 2344 1066 2393; x_wconf 80' lang='lat' dir='ltr'>fuge</span> <span class='ocrx_word' id='word_1_438' title='bbox 1084 2352 1121 2381; x_wconf 78' lang='lat' dir='ltr'>in</span> <span class='ocrx_word' id='word_1_439' title='bbox 1143 2351 1358 2395; x_wconf 62' lang='lat' dir='ltr'>Afgrptum,</span> 
     </span>
     <span class='ocr_line' id='line_1_64' title="bbox 374 2397 1361 2446; baseline 0.012 -18"><span class='ocrx_word' id='word_1_440' title='bbox 374 2405 406 2429; x_wconf 70' lang='lat' dir='ltr'>ct</span> <span class='ocrx_word' id='word_1_441' title='bbox 425 2405 496 2430; x_wconf 65' lang='lat' dir='ltr'>esto</span> <span class='ocrx_word' id='word_1_442' title='bbox 519 2397 569 2431; x_wconf 79' lang='lat' dir='ltr'>ibi</span> <span class='ocrx_word' id='word_1_443' title='bbox 584 2425 593 2438; x_wconf 95' lang='lat'>‚</span> <span class='ocrx_word' id='word_1_444' title='bbox 621 2412 734 2446; x_wconf 73' lang='lat' dir='ltr'>usque</span> <span class='ocrx_word' id='word_1_445' title='bbox 761 2403 845 2435; x_wconf 74' lang='lat' dir='ltr'>tlum</span> <span class='ocrx_word' id='word_1_446' title='bbox 873 2405 993 2437; x_wconf 77' lang='lat' dir='ltr'>(licum</span> <span class='ocrx_word' id='word_1_447' title='bbox 1014 2404 1091 2440; x_wconf 72' lang='lat' dir='ltr'>ubi.</span> <span class='ocrx_word' id='word_1_448' title='bbox 1113 2407 1289 2440; x_wconf 80' lang='lat' dir='ltr'>Futurum</span> <span class='ocrx_word' id='word_1_449' title='bbox 1308 2415 1361 2440; x_wconf 76' lang='lat' dir='ltr'>cst</span> 
     </span>
     <span class='ocr_line' id='line_1_65' title="bbox 377 2459 1358 2510; baseline 0.012 -23"><span class='ocrx_word' id='word_1_450' title='bbox 377 2459 474 2489; x_wconf 75' lang='lat' dir='ltr'>enlm</span> <span class='ocrx_word' id='word_1_451' title='bbox 494 2466 535 2490; x_wconf 79' lang='lat' dir='ltr'>ut</span> <span class='ocrx_word' id='word_1_452' title='bbox 552 2459 712 2492; x_wconf 65' lang='lat' dir='ltr'>Herodes</span> <span class='ocrx_word' id='word_1_453' title='bbox 725 2470 872 2506; x_wconf 74' lang='lat' dir='ltr'>quoerut</span> <span class='ocrx_word' id='word_1_454' title='bbox 892 2463 1051 2497; x_wconf 76' lang='lat' dir='ltr'>Puerum</span> <span class='ocrx_word' id='word_1_455' title='bbox 1070 2466 1122 2498; x_wconf 79' lang='lat' dir='ltr'>ml</span> <span class='ocrx_word' id='word_1_456' title='bbox 1130 2468 1358 2510; x_wconf 65' lang='lat' dir='ltr'>perdendum</span> 
     </span>
     <span class='ocr_line' id='line_1_66' title="bbox 376 2517 1358 2571; baseline 0.015 -26"><span class='ocrx_word' id='word_1_457' title='bbox 376 2526 456 2547; x_wconf 71' lang='lat' dir='ltr'>eum</span> <span class='ocrx_word' id='word_1_458' title='bbox 472 2519 494 2548; x_wconf 85' lang='lat'>².</span> <span class='ocrx_word' id='word_1_459' title='bbox 517 2517 596 2550; x_wconf 89' lang='lat' dir='ltr'>Jam</span> <span class='ocrx_word' id='word_1_460' title='bbox 620 2524 778 2562; x_wconf 76' lang='lat' dir='ltr'>extunc,</span> <span class='ocrx_word' id='word_1_461' title='bbox 811 2518 908 2555; x_wconf 88' lang='lat' dir='ltr'>bone</span> <span class='ocrx_word' id='word_1_462' title='bbox 936 2524 1021 2556; x_wconf 82' lang='lat' dir='ltr'>Jesu</span> <span class='ocrx_word' id='word_1_463' title='bbox 1037 2549 1046 2565; x_wconf 94' lang='lat'>,</span> <span class='ocrx_word' id='word_1_464' title='bbox 1071 2521 1162 2557; x_wconf 89' lang='lat' dir='ltr'>dura</span> <span class='ocrx_word' id='word_1_465' title='bbox 1187 2523 1260 2571; x_wconf 91' lang='lat' dir='ltr'>pati</span> <span class='ocrx_word' id='word_1_466' title='bbox 1282 2538 1358 2559; x_wconf 76' lang='lat' dir='ltr'>coc-</span> 
     </span>
    </p>
   </div>
   <div class='ocr_carea' id='block_1_11' title="bbox 1421 1875 2412 2570">
    <p class='ocr_par' dir='ltr' id='par_1_11' title="bbox 1421 1875 2412 2570">
     <span class='ocr_line' id='line_1_67' title="bbox 1422 1875 2410 1924; baseline -0.002 -13"><span class='ocrx_word' id='word_1_467' title='bbox 1422 1875 1665 1924; x_wconf 89' lang='lat' dir='ltr'>projecerunt</span> <span class='ocrx_word' id='word_1_468' title='bbox 1699 1886 1890 1910; x_wconf 87' lang='lat' dir='ltr'>sermones</span> <span class='ocrx_word' id='word_1_469' title='bbox 1921 1882 2006 1909; x_wconf 86' lang='lat' dir='ltr'>tuos</span> <span class='ocrx_word' id='word_1_470' title='bbox 2037 1881 2264 1918; x_wconf 82' lang='lat' dir='ltr'>retrorsum,</span> <span class='ocrx_word' id='word_1_471' title='bbox 2288 1887 2410 1922; x_wconf 84' lang='lat' dir='ltr'>neque</span> 
     </span>
     <span class='ocr_line' id='line_1_68' title="bbox 1421 1932 2408 1978; baseline -0.002 -8"><span class='ocrx_word' id='word_1_472' title='bbox 1421 1935 1662 1971; x_wconf 88' lang='lat' dir='ltr'>attenderunt</span> <span class='ocrx_word' id='word_1_473' title='bbox 1686 1933 1731 1969; x_wconf 91' lang='lat' dir='ltr'>ad</span> <span class='ocrx_word' id='word_1_474' title='bbox 1758 1933 1884 1969; x_wconf 86' lang='lat' dir='ltr'>omnia</span> <span class='ocrx_word' id='word_1_475' title='bbox 1908 1932 2088 1968; x_wconf 89' lang='lat' dir='ltr'>mirabilia</span> <span class='ocrx_word' id='word_1_476' title='bbox 2113 1940 2199 1978; x_wconf 89' lang='lat' dir='ltr'>tua,</span> <span class='ocrx_word' id='word_1_477' title='bbox 2225 1933 2408 1977; x_wconf 87' lang='lat' dir='ltr'>Domine,</span> 
     </span>
     <span class='ocr_line' id='line_1_69' title="bbox 1423 1991 2407 2043; baseline -0.002 -14"><span class='ocrx_word' id='word_1_478' title='bbox 1423 2007 1506 2043; x_wconf 80' lang='lat' dir='ltr'>quae</span> <span class='ocrx_word' id='word_1_479' title='bbox 1527 2001 1701 2043; x_wconf 84' lang='lat' dir='ltr'>operatus</span> <span class='ocrx_word' id='word_1_480' title='bbox 1717 2005 1755 2028; x_wconf 91' lang='lat' dir='ltr'>es</span> <span class='ocrx_word' id='word_1_481' title='bbox 1779 1992 1817 2028; x_wconf 91' lang='lat' dir='ltr'>in</span> <span class='ocrx_word' id='word_1_482' title='bbox 1843 1993 1895 2028; x_wconf 86' lang='lat' dir='ltr'>eis</span> <span class='ocrx_word' id='word_1_483' title='bbox 1909 2019 1919 2037; x_wconf 93' lang='lat'>,</span> <span class='ocrx_word' id='word_1_484' title='bbox 1944 1991 2110 2041; x_wconf 79' lang='lat' dir='ltr'>exceptis</span> <span class='ocrx_word' id='word_1_485' title='bbox 2127 1991 2323 2041; x_wconf 87' lang='lat' dir='ltr'>perpaucis</span> <span class='ocrx_word' id='word_1_486' title='bbox 2343 2005 2407 2028; x_wconf 91' lang='lat' dir='ltr'>no-</span> 
     </span>
     <span class='ocr_line' id='line_1_70' title="bbox 1424 2051 2409 2100; baseline -0.003 -11"><span class='ocrx_word' id='word_1_487' title='bbox 1424 2053 1560 2089; x_wconf 88' lang='lat' dir='ltr'>bilibus</span> <span class='ocrx_word' id='word_1_488' title='bbox 1587 2052 1754 2097; x_wconf 88' lang='lat' dir='ltr'>athletis,</span> <span class='ocrx_word' id='word_1_489' title='bbox 1772 2064 1868 2100; x_wconf 89' lang='lat' dir='ltr'>quos</span> <span class='ocrx_word' id='word_1_490' title='bbox 1892 2051 1989 2087; x_wconf 90' lang='lat' dir='ltr'>inter</span> <span class='ocrx_word' id='word_1_491' title='bbox 2006 2051 2155 2086; x_wconf 71' lang='lat' dir='ltr'>infirma</span> <span class='ocrx_word' id='word_1_492' title='bbox 2181 2051 2310 2086; x_wconf 89' lang='lat' dir='ltr'>mundi</span> <span class='ocrx_word' id='word_1_493' title='bbox 2329 2052 2409 2088; x_wconf 89' lang='lat' dir='ltr'>ele-</span> 
     </span>
     <span class='ocr_line' id='line_1_71' title="bbox 1425 2110 2410 2162; baseline -0.004 -13"><span class='ocrx_word' id='word_1_494' title='bbox 1425 2113 1507 2162; x_wconf 83' lang='lat' dir='ltr'>gisti</span> <span class='ocrx_word' id='word_1_495' title='bbox 1535 2120 1571 2148; x_wconf 89' lang='lat' dir='ltr'>et</span> <span class='ocrx_word' id='word_1_496' title='bbox 1592 2111 1756 2160; x_wconf 88' lang='lat' dir='ltr'>abjecta,</span> <span class='ocrx_word' id='word_1_497' title='bbox 1780 2118 1820 2146; x_wconf 90' lang='lat' dir='ltr'>ut</span> <span class='ocrx_word' id='word_1_498' title='bbox 1844 2122 1911 2160; x_wconf 86' lang='lat' dir='ltr'>per</span> <span class='ocrx_word' id='word_1_499' title='bbox 1935 2111 2036 2160; x_wconf 90' lang='lat' dir='ltr'>ipsos</span> <span class='ocrx_word' id='word_1_500' title='bbox 2060 2110 2167 2146; x_wconf 87' lang='lat' dir='ltr'>fortia</span> <span class='ocrx_word' id='word_1_501' title='bbox 2191 2118 2228 2146; x_wconf 85' lang='lat' dir='ltr'>et</span> <span class='ocrx_word' id='word_1_502' title='bbox 2247 2111 2318 2146; x_wconf 90' lang='lat' dir='ltr'>alta</span> <span class='ocrx_word' id='word_1_503' title='bbox 2345 2110 2410 2146; x_wconf 90' lang='lat' dir='ltr'>mi-</span> 
     </span>
     <span class='ocr_line' id='line_1_72' title="bbox 1427 2169 2410 2221; baseline -0.004 -13"><span class='ocrx_word' id='word_1_504' title='bbox 1427 2173 1527 2208; x_wconf 88' lang='lat' dir='ltr'>rilice</span> <span class='ocrx_word' id='word_1_505' title='bbox 1553 2183 1800 2221; x_wconf 78' lang='lat' dir='ltr'>expugnares.</span> <span class='ocrx_word' id='word_1_506' title='bbox 1826 2173 1900 2206; x_wconf 86' lang='lat' dir='ltr'>Nec</span> <span class='ocrx_word' id='word_1_507' title='bbox 1929 2170 2048 2205; x_wconf 88' lang='lat' dir='ltr'>solum</span> <span class='ocrx_word' id='word_1_508' title='bbox 2077 2169 2212 2218; x_wconf 84' lang='lat' dir='ltr'>ingrati</span> <span class='ocrx_word' id='word_1_509' title='bbox 2240 2169 2410 2218; x_wconf 87' lang='lat' dir='ltr'>gratuitis</span> 
     </span>
     <span class='ocr_line' id='line_1_73' title="bbox 1428 2228 2412 2274; baseline -0.003 -8"><span class='ocrx_word' id='word_1_510' title='bbox 1428 2230 1618 2267; x_wconf 87' lang='lat' dir='ltr'>bencliciis</span> <span class='ocrx_word' id='word_1_511' title='bbox 1645 2230 1716 2266; x_wconf 90' lang='lat' dir='ltr'>tuis</span> <span class='ocrx_word' id='word_1_512' title='bbox 1743 2231 1940 2274; x_wconf 84' lang='lat' dir='ltr'>exstitere,</span> <span class='ocrx_word' id='word_1_513' title='bbox 1971 2228 2035 2265; x_wconf 86' lang='lat' dir='ltr'>sed</span> <span class='ocrx_word' id='word_1_514' title='bbox 2059 2228 2295 2265; x_wconf 87' lang='lat' dir='ltr'>contumeliis</span> <span class='ocrx_word' id='word_1_515' title='bbox 2319 2228 2412 2264; x_wconf 77' lang='lat' dir='ltr'>affe-</span> 
     </span>
     <span class='ocr_line' id='line_1_74' title="bbox 1426 2287 2412 2333; baseline -0.003 -7"><span class='ocrx_word' id='word_1_516' title='bbox 1426 2298 1559 2326; x_wconf 89' lang='lat' dir='ltr'>cerunt</span> <span class='ocrx_word' id='word_1_517' title='bbox 1591 2298 1644 2333; x_wconf 88' lang='lat' dir='ltr'>te,</span> <span class='ocrx_word' id='word_1_518' title='bbox 1675 2288 1836 2325; x_wconf 89' lang='lat' dir='ltr'>Domine</span> <span class='ocrx_word' id='word_1_519' title='bbox 1857 2287 2150 2332; x_wconf 88' lang='lat' dir='ltr'>dominantium,</span> <span class='ocrx_word' id='word_1_520' title='bbox 2181 2296 2217 2324; x_wconf 90' lang='lat' dir='ltr'>et</span> <span class='ocrx_word' id='word_1_521' title='bbox 2246 2288 2412 2323; x_wconf 83' lang='lat' dir='ltr'>fecerunt</span> 
     </span>
     <span class='ocr_line' id='line_1_75' title="bbox 1428 2348 2410 2398; baseline -0.003 -13"><span class='ocrx_word' id='word_1_522' title='bbox 1428 2349 1494 2385; x_wconf 90' lang='lat' dir='ltr'>tibi</span> <span class='ocrx_word' id='word_1_523' title='bbox 1527 2362 1772 2398; x_wconf 83' lang='lat' dir='ltr'>quaecumque</span> <span class='ocrx_word' id='word_1_524' title='bbox 1801 2349 2016 2384; x_wconf 88' lang='lat' dir='ltr'>voluerunt.</span> <span class='ocrx_word' id='word_1_525' title='bbox 2046 2351 2096 2384; x_wconf 92' lang='lat' dir='ltr'>Te</span> <span class='ocrx_word' id='word_1_526' title='bbox 2125 2348 2223 2383; x_wconf 89' lang='lat' dir='ltr'>enim</span> <span class='ocrx_word' id='word_1_527' title='bbox 2254 2348 2410 2384; x_wconf 89' lang='lat' dir='ltr'>faciente</span> 
     </span>
     <span class='ocr_line' id='line_1_76' title="bbox 1426 2407 2410 2458; baseline -0.001 -15"><span class='ocrx_word' id='word_1_528' title='bbox 1426 2422 1540 2458; x_wconf 83' lang='lat' dir='ltr'>opera</span> <span class='ocrx_word' id='word_1_529' title='bbox 1568 2409 1658 2453; x_wconf 83' lang='lat' dir='ltr'>Dei,</span> <span class='ocrx_word' id='word_1_530' title='bbox 1690 2421 1774 2456; x_wconf 82' lang='lat' dir='ltr'>quae</span> <span class='ocrx_word' id='word_1_531' title='bbox 1801 2420 1910 2443; x_wconf 90' lang='lat' dir='ltr'>nemo</span> <span class='ocrx_word' id='word_1_532' title='bbox 1932 2408 2024 2443; x_wconf 89' lang='lat' dir='ltr'>alins</span> <span class='ocrx_word' id='word_1_533' title='bbox 2056 2408 2164 2452; x_wconf 92' lang='lat' dir='ltr'>fecit,</span> <span class='ocrx_word' id='word_1_534' title='bbox 2187 2407 2277 2455; x_wconf 85' lang='lat' dir='ltr'>quid</span> <span class='ocrx_word' id='word_1_535' title='bbox 2306 2407 2410 2443; x_wconf 73' lang='lat' dir='ltr'>dixe-</span> 
     </span>
     <span class='ocr_line' id='line_1_77' title="bbox 1428 2468 2411 2515; baseline -0.001 -12"><span class='ocrx_word' id='word_1_536' title='bbox 1428 2471 1537 2504; x_wconf 72' lang='lat' dir='ltr'>runt?</span> <span class='ocrx_word' id='word_1_537' title='bbox 1563 2470 1642 2503; x_wconf 80' lang='lat' dir='ltr'>Nou</span> <span class='ocrx_word' id='word_1_538' title='bbox 1664 2477 1717 2502; x_wconf 79' lang='lat' dir='ltr'>est</span> <span class='ocrx_word' id='word_1_539' title='bbox 1733 2469 1791 2502; x_wconf 77' lang='lat' dir='ltr'>hic</span> <span class='ocrx_word' id='word_1_540' title='bbox 1807 2468 1913 2502; x_wconf 77' lang='lat' dir='ltr'>homo</span> <span class='ocrx_word' id='word_1_541' title='bbox 1929 2481 1952 2502; x_wconf 85' lang='grc' dir='ltr'>(ι</span> <span class='ocrx_word' id='word_1_542' title='bbox 1971 2470 2046 2502; x_wconf 75' lang='lat' dir='ltr'>Dea</span> <span class='ocrx_word' id='word_1_543' title='bbox 2062 2481 2073 2501; x_wconf 87' lang='lat'>.·</span> <span class='ocrx_word' id='word_1_544' title='bbox 2090 2472 2128 2502; x_wconf 80' lang='lat' dir='ltr'>lu</span> <span class='ocrx_word' id='word_1_545' title='bbox 2142 2472 2313 2515; x_wconf 73' lang='lat' dir='ltr'>Jn‘incipe</span> <span class='ocrx_word' id='word_1_546' title='bbox 2330 2470 2411 2502; x_wconf 80' lang='lat' dir='ltr'>doe-</span> 
     </span>
     <span class='ocr_line' id='line_1_78' title="bbox 1427 2524 2411 2570; baseline -0.002 -9"><span class='ocrx_word' id='word_1_547' title='bbox 1427 2532 1631 2561; x_wconf 69' lang='lat' dir='ltr'>[molliorum</span> <span class='ocrx_word' id='word_1_548' title='bbox 1661 2529 1759 2570; x_wconf 77' lang='lat' dir='ltr'>cji&#39;ct&#39;t</span> <span class='ocrx_word' id='word_1_549' title='bbox 1786 2528 1995 2568; x_wconf 77' lang='lat' dir='ltr'>‹laemonia;</span> <span class='ocrx_word' id='word_1_550' title='bbox 2023 2527 2250 2560; x_wconf 64' lang='lat' dir='ltr'>daemonium</span> <span class='ocrx_word' id='word_1_551' title='bbox 2285 2524 2411 2568; x_wconf 78' lang='lat' dir='ltr'>habel,</span> 
     </span>
    </p>
   </div>
   <div class='ocr_carea' id='block_1_12' title="bbox 376 2572 2413 2631">
    <p class='ocr_par' dir='ltr' id='par_1_12' title="bbox 376 2572 2413 2631">
     <span class='ocr_line' id='line_1_79' title="bbox 376 2572 2413 2631; baseline 0.006 -25"><span class='ocrx_word' id='word_1_552' title='bbox 376 2572 475 2619; x_wconf 86' lang='lat' dir='ltr'>pisti.</span> <span class='ocrx_word' id='word_1_553' title='bbox 495 2575 569 2609; x_wconf 73' lang='lat' dir='ltr'>Nec</span> <span class='ocrx_word' id='word_1_554' title='bbox 586 2575 705 2610; x_wconf 80' lang='lat' dir='ltr'>solunt</span> <span class='ocrx_word' id='word_1_555' title='bbox 724 2576 820 2612; x_wconf 91' lang='lat' dir='ltr'>illam</span> <span class='ocrx_word' id='word_1_556' title='bbox 843 2577 1008 2614; x_wconf 70' lang='lat' dir='ltr'>infantiae</span> <span class='ocrx_word' id='word_1_557' title='bbox 1032 2588 1103 2616; x_wconf 76' lang='lat' dir='ltr'>tuae</span> <span class='ocrx_word' id='word_1_558' title='bbox 1124 2583 1359 2618; x_wconf 68' lang='lat' dir='ltr'>vexationem</span> <span class='ocrx_word' id='word_1_559' title='bbox 1383 2591 1411 2623; x_wconf 91' lang='lat' dir='ltr'>D</span> <span class='ocrx_word' id='word_1_560' title='bbox 1428 2588 1569 2620; x_wconf 71' lang='lat' dir='ltr'>seducit</span> <span class='ocrx_word' id='word_1_561' title='bbox 1588 2585 1734 2628; x_wconf 79' lang='lat' dir='ltr'>turbas,</span> <span class='ocrx_word' id='word_1_562' title='bbox 1755 2597 1876 2619; x_wconf 61' lang='lat' dir='ltr'>verua=</span> <span class='ocrx_word' id='word_1_563' title='bbox 1895 2594 1966 2628; x_wconf 67' lang='lat' dir='ltr'>cst,</span> <span class='ocrx_word' id='word_1_564' title='bbox 1981 2593 2131 2631; x_wconf 74' lang='lat' dir='ltr'>potator</span> <span class='ocrx_word' id='word_1_565' title='bbox 2147 2588 2246 2627; x_wconf 77' lang='lat' dir='ltr'>vim&#39;,</span> <span class='ocrx_word' id='word_1_566' title='bbox 2265 2593 2300 2619; x_wconf 78' lang='lat' dir='ltr'>et</span> <span class='ocrx_word' id='word_1_567' title='bbox 2316 2589 2413 2618; x_wconf 85' lang='lat' dir='ltr'>umi—</span> 
     </span>
    </p>
   </div>
   <div class='ocr_carea' id='block_1_13' title="bbox 378 2631 1368 3224">
    <p class='ocr_par' dir='ltr' id='par_1_13' title="bbox 378 2631 1363 2798">
     <span class='ocr_line' id='line_1_80' title="bbox 379 2631 1363 2689; baseline 0.013 -25"><span class='ocrx_word' id='word_1_568' title='bbox 379 2631 416 2665; x_wconf 90' lang='lat' dir='ltr'>in</span> <span class='ocrx_word' id='word_1_569' title='bbox 445 2639 479 2666; x_wconf 89' lang='lat' dir='ltr'>te</span> <span class='ocrx_word' id='word_1_570' title='bbox 514 2632 596 2680; x_wconf 87' lang='lat' dir='ltr'>ipso</span> <span class='ocrx_word' id='word_1_571' title='bbox 627 2635 832 2682; x_wconf 84' lang='lat' dir='ltr'>pertulisti,</span> <span class='ocrx_word' id='word_1_572' title='bbox 863 2638 926 2673; x_wconf 91' lang='lat' dir='ltr'>sed</span> <span class='ocrx_word' id='word_1_573' title='bbox 961 2648 1118 2676; x_wconf 88' lang='lat' dir='ltr'>mortem</span> <span class='ocrx_word' id='word_1_574' title='bbox 1148 2641 1185 2676; x_wconf 90' lang='lat' dir='ltr'>in</span> <span class='ocrx_word' id='word_1_575' title='bbox 1221 2642 1363 2689; x_wconf 86' lang='lat' dir='ltr'>pusillis</span> 
     </span>
     <span class='ocr_line' id='line_1_81' title="bbox 378 2690 1363 2739; baseline 0.013 -16"><span class='ocrx_word' id='word_1_576' title='bbox 378 2690 467 2735; x_wconf 85' lang='lat' dir='ltr'>tuis,</span> <span class='ocrx_word' id='word_1_577' title='bbox 489 2704 648 2739; x_wconf 86' lang='lat' dir='ltr'>quorum</span> <span class='ocrx_word' id='word_1_578' title='bbox 671 2694 785 2729; x_wconf 88' lang='lat' dir='ltr'>multa</span> <span class='ocrx_word' id='word_1_579' title='bbox 808 2695 919 2731; x_wconf 91' lang='lat' dir='ltr'>millia</span> <span class='ocrx_word' id='word_1_580' title='bbox 939 2697 1035 2733; x_wconf 89' lang='lat' dir='ltr'>inter</span> <span class='ocrx_word' id='word_1_581' title='bbox 1054 2700 1272 2735; x_wconf 83' lang='lat' dir='ltr'>mammillas</span> <span class='ocrx_word' id='word_1_582' title='bbox 1291 2714 1363 2736; x_wconf 85' lang='lat' dir='ltr'>ma-</span> 
     </span>
     <span class='ocr_line' id='line_1_82' title="bbox 380 2752 1266 2798; baseline 0.014 -16"><span class='ocrx_word' id='word_1_583' title='bbox 380 2756 477 2783; x_wconf 87' lang='lat' dir='ltr'>trum</span> <span class='ocrx_word' id='word_1_584' title='bbox 501 2762 570 2798; x_wconf 90' lang='lat' dir='ltr'>pro</span> <span class='ocrx_word' id='word_1_585' title='bbox 592 2758 625 2785; x_wconf 84' lang='lat' dir='ltr'>te</span> <span class='ocrx_word' id='word_1_586' title='bbox 645 2752 805 2788; x_wconf 84' lang='lat' dir='ltr'>Herodis</span> <span class='ocrx_word' id='word_1_587' title='bbox 825 2755 1024 2791; x_wconf 75' lang='lat' dir='ltr'>trucidavit</span> <span class='ocrx_word' id='word_1_588' title='bbox 1043 2757 1266 2794; x_wconf 88' lang='lat' dir='ltr'>immanitas.</span> 
     </span>
    </p>

    <p class='ocr_par' dir='ltr' id='par_1_14' title="bbox 378 2807 1368 3224">
     <span class='ocr_line' id='line_1_83' title="bbox 430 2807 1365 2861; baseline 0.014 -20"><span class='ocrx_word' id='word_1_589' title='bbox 430 2807 464 2842; x_wconf 75' lang='lat' dir='ltr'>si.</span> <span class='ocrx_word' id='word_1_590' title='bbox 496 2808 652 2845; x_wconf 77' lang='lat' dir='ltr'>Infantia</span> <span class='ocrx_word' id='word_1_591' title='bbox 678 2824 765 2846; x_wconf 73' lang='lat' dir='ltr'>vero</span> <span class='ocrx_word' id='word_1_592' title='bbox 788 2814 961 2850; x_wconf 71' lang='lat' dir='ltr'>teneriori</span> <span class='ocrx_word' id='word_1_593' title='bbox 978 2815 1152 2861; x_wconf 86' lang='lat' dir='ltr'>decursa,</span> <span class='ocrx_word' id='word_1_594' title='bbox 1176 2817 1365 2854; x_wconf 84' lang='lat' dir='ltr'>humiliter</span> 
     </span>
     <span class='ocr_line' id='line_1_84' title="bbox 378 2867 1362 2921; baseline 0.011 -19"><span class='ocrx_word' id='word_1_595' title='bbox 378 2867 544 2903; x_wconf 79' lang='lat' dir='ltr'>vcritatis</span> <span class='ocrx_word' id='word_1_596' title='bbox 573 2869 682 2905; x_wconf 87' lang='lat' dir='ltr'>nobis</span> <span class='ocrx_word' id='word_1_597' title='bbox 711 2874 923 2921; x_wconf 65' lang='lat' dir='ltr'>exemplum</span> <span class='ocrx_word' id='word_1_598' title='bbox 959 2875 1130 2912; x_wconf 88' lang='lat' dir='ltr'>tribuisti.</span> <span class='ocrx_word' id='word_1_599' title='bbox 1163 2880 1244 2913; x_wconf 90' lang='lat' dir='ltr'>Non</span> <span class='ocrx_word' id='word_1_600' title='bbox 1265 2879 1362 2913; x_wconf 87' lang='lat' dir='ltr'>enim</span> 
     </span>
     <span class='ocr_line' id='line_1_85' title="bbox 380 2927 1366 2980; baseline 0.014 -19"><span class='ocrx_word' id='word_1_601' title='bbox 380 2927 505 2962; x_wconf 77' lang='lat' dir='ltr'>sedisti</span> <span class='ocrx_word' id='word_1_602' title='bbox 526 2942 609 2964; x_wconf 83' lang='lat' dir='ltr'>cuni</span> <span class='ocrx_word' id='word_1_603' title='bbox 639 2932 794 2966; x_wconf 85' lang='lat' dir='ltr'>consilio</span> <span class='ocrx_word' id='word_1_604' title='bbox 824 2934 1052 2980; x_wconf 84' lang='lat' dir='ltr'>vanitatum,</span> <span class='ocrx_word' id='word_1_605' title='bbox 1080 2936 1144 2972; x_wconf 89' lang='lat' dir='ltr'>sed</span> <span class='ocrx_word' id='word_1_606' title='bbox 1174 2937 1212 2973; x_wconf 94' lang='lat' dir='ltr'>in</span> <span class='ocrx_word' id='word_1_607' title='bbox 1243 2938 1366 2974; x_wconf 85' lang='lat' dir='ltr'>medio</span> 
     </span>
     <span class='ocr_line' id='line_1_86' title="bbox 380 2985 1366 3042; baseline 0.015 -23"><span class='ocrx_word' id='word_1_608' title='bbox 380 2985 604 3033; x_wconf 86' lang='lat' dir='ltr'>doctorum,</span> <span class='ocrx_word' id='word_1_609' title='bbox 639 2989 874 3039; x_wconf 82' lang='lat' dir='ltr'>interrogans</span> <span class='ocrx_word' id='word_1_610' title='bbox 903 3002 939 3029; x_wconf 89' lang='lat' dir='ltr'>et</span> <span class='ocrx_word' id='word_1_611' title='bbox 971 2995 1126 3031; x_wconf 86' lang='lat' dir='ltr'>audiens</span> <span class='ocrx_word' id='word_1_612' title='bbox 1158 2997 1259 3042; x_wconf 88' lang='lat' dir='ltr'>illos,</span> <span class='ocrx_word' id='word_1_613' title='bbox 1283 3010 1366 3033; x_wconf 90' lang='lat' dir='ltr'>cum</span> 
     </span>
     <span class='ocr_line' id='line_1_87' title="bbox 383 3047 1368 3104; baseline 0.015 -26"><span class='ocrx_word' id='word_1_614' title='bbox 383 3053 502 3079; x_wconf 80' lang='lat' dir='ltr'>tamen</span> <span class='ocrx_word' id='word_1_615' title='bbox 544 3047 727 3083; x_wconf 84' lang='lat' dir='ltr'>Dominus</span> <span class='ocrx_word' id='word_1_616' title='bbox 758 3050 995 3088; x_wconf 81' lang='lat' dir='ltr'>scientiarum</span> <span class='ocrx_word' id='word_1_617' title='bbox 1029 3067 1128 3091; x_wconf 88' lang='lat' dir='ltr'>esses</span> <span class='ocrx_word' id='word_1_618' title='bbox 1158 3064 1268 3104; x_wconf 87' lang='lat' dir='ltr'>atque</span> <span class='ocrx_word' id='word_1_619' title='bbox 1309 3059 1368 3093; x_wconf 89' lang='lat' dir='ltr'>Sa-</span> 
     </span>
     <span class='ocr_line' id='line_1_88' title="bbox 385 3104 1367 3152; baseline 0.015 -15"><span class='ocrx_word' id='word_1_620' title='bbox 385 3104 526 3151; x_wconf 87' lang='lat' dir='ltr'>pientia</span> <span class='ocrx_word' id='word_1_621' title='bbox 549 3106 614 3141; x_wconf 83' lang='lat' dir='ltr'>Dei</span> <span class='ocrx_word' id='word_1_622' title='bbox 634 3108 764 3144; x_wconf 82' lang='lat' dir='ltr'>Patris.</span> <span class='ocrx_word' id='word_1_623' title='bbox 783 3111 853 3145; x_wconf 61' lang='lat' dir='ltr'>ssd</span> <span class='ocrx_word' id='word_1_624' title='bbox 871 3120 907 3147; x_wconf 89' lang='lat' dir='ltr'>et</span> <span class='ocrx_word' id='word_1_625' title='bbox 925 3111 1148 3150; x_wconf 77' lang='lat' dir='ltr'>obedientiae</span> <span class='ocrx_word' id='word_1_626' title='bbox 1165 3115 1272 3152; x_wconf 81' lang='lat' dir='ltr'>nobis</span> <span class='ocrx_word' id='word_1_627' title='bbox 1291 3116 1367 3152; x_wconf 89' lang='lat' dir='ltr'>for-</span> 
     </span>
     <span class='ocr_line' id='line_1_89' title="bbox 387 3164 1367 3224; baseline 0.015 -28"><span class='ocrx_word' id='word_1_628' title='bbox 387 3175 482 3197; x_wconf 92' lang='lat' dir='ltr'>mam</span> <span class='ocrx_word' id='word_1_629' title='bbox 525 3164 751 3211; x_wconf 83' lang='lat' dir='ltr'>retribuisti,</span> <span class='ocrx_word' id='word_1_630' title='bbox 786 3169 874 3204; x_wconf 88' lang='lat' dir='ltr'>‹lum</span> <span class='ocrx_word' id='word_1_631' title='bbox 912 3181 1105 3219; x_wconf 89' lang='lat' dir='ltr'>parentum</span> <span class='ocrx_word' id='word_1_632' title='bbox 1139 3175 1295 3224; x_wconf 81' lang='lat' dir='ltr'>imperio</span> <span class='ocrx_word' id='word_1_633' title='bbox 1331 3184 1367 3211; x_wconf 90' lang='lat' dir='ltr'>tu</span> 
     </span>
    </p>
   </div>
   <div class='ocr_carea' id='block_1_14' title="bbox 431 3293 1009 3332">
    <p class='ocr_par' dir='ltr' id='par_1_15' title="bbox 431 3293 1009 3332">
     <span class='ocr_line' id='line_1_90' title="bbox 431 3293 1009 3332; baseline 0.016 -14"><span class='ocrx_word' id='word_1_634' title='bbox 431 3293 438 3307; x_wconf 86' lang='lat'>¹</span> <span class='ocrx_word' id='word_1_635' title='bbox 459 3293 528 3318; x_wconf 78' lang='lat' dir='ltr'>l.t1(&#39;.</span> <span class='ocrx_word' id='word_1_636' title='bbox 553 3301 597 3325; x_wconf 87' lang='grc' dir='ltr'>ιι,</span> <span class='ocrx_word' id='word_1_637' title='bbox 624 3293 651 3321; x_wconf 90' lang='grc'>7.</span> <span class='ocrx_word' id='word_1_638' title='bbox 669 3311 701 3314; x_wconf 28' lang='grc' dir='ltr'>»ἡ</span> <span class='ocrx_word' id='word_1_639' title='bbox 730 3298 739 3313; x_wconf 84' lang='lat'>²</span> <span class='ocrx_word' id='word_1_640' title='bbox 757 3294 870 3324; x_wconf 78' lang='lat' dir='ltr'>Mattli.</span> <span class='ocrx_word' id='word_1_641' title='bbox 888 3307 910 3324; x_wconf 92' lang='grc' dir='ltr'>ιι</span> <span class='ocrx_word' id='word_1_642' title='bbox 927 3321 933 3332; x_wconf 88' lang='lat'>‚</span> <span class='ocrx_word' id='word_1_643' title='bbox 961 3301 1009 3327; x_wconf 69' lang='lat'>115.</span> 
     </span>
    </p>
   </div>
   <div class='ocr_carea' id='block_1_15' title="bbox 1425 2641 2416 3224">
    <p class='ocr_par' dir='ltr' id='par_1_16' title="bbox 1425 2641 2416 3224">
     <span class='ocr_line' id='line_1_91' title="bbox 1429 2641 2412 2692; baseline -0.001 -15"><span class='ocrx_word' id='word_1_644' title='bbox 1429 2657 1487 2678; x_wconf 73' lang='lat' dir='ltr'>cus</span> <span class='ocrx_word' id='word_1_645' title='bbox 1497 2643 1778 2692; x_wconf 76' lang='lat' dir='ltr'>publicanorum</span> <span class='ocrx_word' id='word_1_646' title='bbox 1794 2652 1828 2677; x_wconf 82' lang='lat' dir='ltr'>ec</span> <span class='ocrx_word' id='word_1_647' title='bbox 1839 2651 2083 2690; x_wconf 77' lang='lat' dir='ltr'>peccatorum.</span> <span class='ocrx_word' id='word_1_648' title='bbox 2104 2642 2201 2690; x_wconf 88' lang='lat' dir='ltr'>Quid</span> <span class='ocrx_word' id='word_1_649' title='bbox 2219 2641 2285 2678; x_wconf 86' lang='lat' dir='ltr'>fles</span> <span class='ocrx_word' id='word_1_650' title='bbox 2296 2669 2305 2686; x_wconf 92' lang='lat'>‚</span> <span class='ocrx_word' id='word_1_651' title='bbox 2322 2641 2412 2690; x_wconf 85' lang='lat' dir='ltr'>quid</span> 
     </span>
     <span class='ocr_line' id='line_1_92' title="bbox 1430 2701 2413 2751; baseline -0.002 -13"><span class='ocrx_word' id='word_1_652' title='bbox 1430 2703 1611 2751; x_wconf 87' lang='lat' dir='ltr'>suspiras,</span> <span class='ocrx_word' id='word_1_653' title='bbox 1629 2716 1651 2739; x_wconf 93' lang='lat'>0</span> <span class='ocrx_word' id='word_1_654' title='bbox 1667 2702 1782 2738; x_wconf 90' lang='lat' dir='ltr'>homo</span> <span class='ocrx_word' id='word_1_655' title='bbox 1796 2730 1806 2746; x_wconf 92' lang='lat'>‚</span> <span class='ocrx_word' id='word_1_656' title='bbox 1828 2701 1916 2738; x_wconf 88' lang='lat' dir='ltr'>duni</span> <span class='ocrx_word' id='word_1_657' title='bbox 1939 2702 2097 2737; x_wconf 89' lang='lat' dir='ltr'>sustines</span> <span class='ocrx_word' id='word_1_658' title='bbox 2124 2701 2326 2738; x_wconf 82' lang='lat' dir='ltr'>verborum</span> <span class='ocrx_word' id='word_1_659' title='bbox 2354 2701 2413 2737; x_wconf 89' lang='lat' dir='ltr'>in-</span> 
     </span>
     <span class='ocr_line' id='line_1_93' title="bbox 1425 2759 2413 2810; baseline -0.003 -12"><span class='ocrx_word' id='word_1_660' title='bbox 1425 2762 1567 2810; x_wconf 81' lang='lat' dir='ltr'>jurias?</span> <span class='ocrx_word' id='word_1_661' title='bbox 1595 2766 1675 2798; x_wconf 82' lang='lat' dir='ltr'>Non</span> <span class='ocrx_word' id='word_1_662' title='bbox 1706 2761 1812 2797; x_wconf 88' lang='lat' dir='ltr'>audis</span> <span class='ocrx_word' id='word_1_663' title='bbox 1837 2768 1975 2809; x_wconf 87' lang='lat' dir='ltr'>quanta</span> <span class='ocrx_word' id='word_1_664' title='bbox 2003 2759 2182 2797; x_wconf 83' lang='lat' dir='ltr'>adversus</span> <span class='ocrx_word' id='word_1_665' title='bbox 2211 2761 2413 2796; x_wconf 89' lang='lat' dir='ltr'>Dominum</span> 
     </span>
     <span class='ocr_line' id='line_1_94' title="bbox 1429 2818 2416 2869; baseline -0.003 -12"><span class='ocrx_word' id='word_1_666' title='bbox 1429 2824 1548 2857; x_wconf 85' lang='lat' dir='ltr'>Deum</span> <span class='ocrx_word' id='word_1_667' title='bbox 1581 2829 1685 2857; x_wconf 92' lang='lat' dir='ltr'>tuum</span> <span class='ocrx_word' id='word_1_668' title='bbox 1714 2820 1927 2856; x_wconf 88' lang='lat' dir='ltr'>ceciderunt</span> <span class='ocrx_word' id='word_1_669' title='bbox 1946 2818 2150 2869; x_wconf 88' lang='lat' dir='ltr'>opprobria</span> <span class='ocrx_word' id='word_1_670' title='bbox 2181 2826 2336 2868; x_wconf 85' lang='lat' dir='ltr'>propter</span> <span class='ocrx_word' id='word_1_671' title='bbox 2359 2820 2416 2854; x_wconf 79' lang='lat' dir='ltr'>te?</span> 
     </span>
     <span class='ocr_line' id='line_1_95' title="bbox 1431 2878 2414 2929; baseline -0.004 -13"><span class='ocrx_word' id='word_1_672' title='bbox 1431 2881 1467 2917; x_wconf 89' lang='lat' dir='ltr'>Si</span> <span class='ocrx_word' id='word_1_673' title='bbox 1490 2880 1793 2929; x_wconf 84' lang='lat' dir='ltr'>patremfamilias</span> <span class='ocrx_word' id='word_1_674' title='bbox 1810 2878 2021 2916; x_wconf 89' lang='lat' dir='ltr'>Beelzebub</span> <span class='ocrx_word' id='word_1_675' title='bbox 2034 2885 2282 2921; x_wconf 85' lang='lat' dir='ltr'>vocaverunt,</span> <span class='ocrx_word' id='word_1_676' title='bbox 2298 2890 2414 2926; x_wconf 85' lang='lat' dir='ltr'>quan-</span> 
     </span>
     <span class='ocr_line' id='line_1_96' title="bbox 1434 2936 2415 2988; baseline -0.003 -14"><span class='ocrx_word' id='word_1_677' title='bbox 1434 2947 1471 2975; x_wconf 92' lang='lat' dir='ltr'>to</span> <span class='ocrx_word' id='word_1_678' title='bbox 1497 2939 1610 2988; x_wconf 86' lang='lat' dir='ltr'>magis</span> <span class='ocrx_word' id='word_1_679' title='bbox 1636 2939 1860 2975; x_wconf 87' lang='lat' dir='ltr'>domesticos</span> <span class='ocrx_word' id='word_1_680' title='bbox 1877 2938 1982 2987; x_wconf 78' lang='lat' dir='ltr'>ejus?</span> <span class='ocrx_word' id='word_1_681' title='bbox 2007 2938 2078 2974; x_wconf 87' lang='lat' dir='ltr'>Sed</span> <span class='ocrx_word' id='word_1_682' title='bbox 2104 2938 2183 2973; x_wconf 85' lang='lat' dir='ltr'>haec</span> <span class='ocrx_word' id='word_1_683' title='bbox 2206 2936 2354 2986; x_wconf 87' lang='lat' dir='ltr'>quidem</span> <span class='ocrx_word' id='word_1_684' title='bbox 2378 2945 2415 2972; x_wconf 81' lang='lat' dir='ltr'>et</span> 
     </span>
     <span class='ocr_line' id='line_1_97' title="bbox 1433 2995 2416 3047; baseline -0.003 -14"><span class='ocrx_word' id='word_1_685' title='bbox 1433 2998 1563 3034; x_wconf 86' lang='lat' dir='ltr'>similia</span> <span class='ocrx_word' id='word_1_686' title='bbox 1580 2998 1879 3047; x_wconf 86' lang='lat' dir='ltr'>blasphemantes</span> <span class='ocrx_word' id='word_1_687' title='bbox 1891 3027 1899 3042; x_wconf 91' lang='lat'>,</span> <span class='ocrx_word' id='word_1_688' title='bbox 1914 3006 1950 3034; x_wconf 89' lang='lat' dir='ltr'>et</span> <span class='ocrx_word' id='word_1_689' title='bbox 1966 2997 2162 3046; x_wconf 87' lang='lat' dir='ltr'>aliquoties</span> <span class='ocrx_word' id='word_1_690' title='bbox 2179 3005 2213 3032; x_wconf 87' lang='lat' dir='ltr'>te</span> <span class='ocrx_word' id='word_1_691' title='bbox 2230 2995 2416 3045; x_wconf 87' lang='lat' dir='ltr'>lapidibus</span> 
     </span>
     <span class='ocr_line' id='line_1_98' title="bbox 1433 3055 2415 3107; baseline -0.005 -13"><span class='ocrx_word' id='word_1_692' title='bbox 1433 3058 1654 3106; x_wconf 85' lang='lat' dir='ltr'>impetentes</span> <span class='ocrx_word' id='word_1_693' title='bbox 1666 3085 1675 3101; x_wconf 91' lang='lat'>‚</span> <span class='ocrx_word' id='word_1_694' title='bbox 1694 3061 1781 3094; x_wconf 89' lang='lat' dir='ltr'>Jesu</span> <span class='ocrx_word' id='word_1_695' title='bbox 1799 3057 1915 3102; x_wconf 89' lang='lat' dir='ltr'>bone,</span> <span class='ocrx_word' id='word_1_696' title='bbox 1933 3058 2118 3107; x_wconf 86' lang='lat' dir='ltr'>patienter</span> <span class='ocrx_word' id='word_1_697' title='bbox 2132 3055 2361 3098; x_wconf 89' lang='lat' dir='ltr'>sustinuisti,</span> <span class='ocrx_word' id='word_1_698' title='bbox 2379 3063 2415 3090; x_wconf 88' lang='lat' dir='ltr'>et</span> 
     </span>
     <span class='ocr_line' id='line_1_99' title="bbox 1434 3114 2413 3157; baseline -0.003 -5"><span class='ocrx_word' id='word_1_699' title='bbox 1434 3118 1552 3153; x_wconf 89' lang='lat' dir='ltr'>factus</span> <span class='ocrx_word' id='word_1_700' title='bbox 1573 3129 1612 3153; x_wconf 89' lang='lat' dir='ltr'>es</span> <span class='ocrx_word' id='word_1_701' title='bbox 1630 3130 1755 3152; x_wconf 87' lang='lat' dir='ltr'>coram</span> <span class='ocrx_word' id='word_1_702' title='bbox 1772 3117 1825 3153; x_wconf 92' lang='lat' dir='ltr'>eis</span> <span class='ocrx_word' id='word_1_703' title='bbox 1845 3117 1937 3153; x_wconf 88' lang='lat' dir='ltr'>sicut</span> <span class='ocrx_word' id='word_1_704' title='bbox 1957 3117 2069 3152; x_wconf 91' lang='lat' dir='ltr'>homo</span> <span class='ocrx_word' id='word_1_705' title='bbox 2087 3128 2160 3151; x_wconf 92' lang='lat' dir='ltr'>non</span> <span class='ocrx_word' id='word_1_706' title='bbox 2177 3114 2332 3151; x_wconf 85' lang='lat' dir='ltr'>audiens</span> <span class='ocrx_word' id='word_1_707' title='bbox 2345 3142 2353 3157; x_wconf 89' lang='lat'>,</span> <span class='ocrx_word' id='word_1_708' title='bbox 2375 3122 2413 3150; x_wconf 87' lang='lat' dir='ltr'>et</span> 
     </span>
     <span class='ocr_line' id='line_1_100' title="bbox 1436 3175 2127 3224; baseline -0.003 -12"><span class='ocrx_word' id='word_1_709' title='bbox 1436 3177 1471 3212; x_wconf 95' lang='lat' dir='ltr'>in</span> <span class='ocrx_word' id='word_1_710' title='bbox 1490 3190 1554 3212; x_wconf 88' lang='lat' dir='ltr'>ore</span> <span class='ocrx_word' id='word_1_711' title='bbox 1576 3189 1649 3212; x_wconf 94' lang='lat' dir='ltr'>non</span> <span class='ocrx_word' id='word_1_712' title='bbox 1674 3175 1815 3212; x_wconf 86' lang='lat' dir='ltr'>liabens</span> <span class='ocrx_word' id='word_1_713' title='bbox 1836 3175 2127 3224; x_wconf 80' lang='lat' dir='ltr'>redargutiones.</span> 
     </span>
    </p>
   </div>
  </div>
 </body>
</html>
