2504 3928
356 234 423 270 1:35

1117 233 1407 266 GILLERERTI
1438 234 1632 268 Animus

353 321 576 358 permanens
597 308 631 343 iu
650 307 825 342 saeculum
843 306 990 351 saeeuti;
1013 307 1142 344 tertius
1161 316 1197 343 01
1217 315 1338 343 castus
1359 306 1372 322 ⁶

2326 234 2393 269 1:30

1376 306 1504 342 ⁰‹·uim
1536 307 1572 342 in
1598 308 1773 343 saeculum
1808 308 1943 344 saeculi.
1983 309 2126 344 Primus
2155 321 2246 357 ergo
2283 309 2394 344 timor

354 375 390 403 et
411 379 647 416 permanens.
676 365 819 400 Primus
839 373 990 400 veretur
1011 378 1159 414 pmnam
1174 393 1183 409 ‚
1206 378 1344 401 secun-
1361 370 1389 403 Α
1409 367 1539 401 metuit
1556 379 1602 402 ne
1621 367 1839 402 temeritatis
1856 367 2038 403 offensam
2059 368 2136 403 luat
2158 382 2165 403 :
2184 367 2391 412 secundus,

352 425 420 460 dus
448 425 648 467 oll'ensam,
675 423 806 458 tertius
834 430 933 459 totus
964 422 1080 459 libera
1107 424 1277 472 (μη-(111111
1306 432 1342 458 et

351 496 481 519 secura
503 482 708 518 reverentia
731 489 796 517 est.
826 484 869 517 1·“,ι
896 481 1041 531 primus
1069 482 1220 531 quidem
1241 483 1343 518 timet

353 544 533 578 offensam
550 570 559 585 ‚
587 540 651 576 sed
680 549 836 589 propter
863 553 1011 589 ptenam
1038 556 1045 576 :
1072 541 1258 577 secundus
1287 541 1343 577 os—

354 603 515 644 tensam,
540 600 604 636 sed
629 608 786 649 propter
809 600 937 649 ipsam.
963 604 1006 636 Et
1029 601 1180 649 quidem
1209 601 1345 649 injuria

355 661 525 710 quaedam
541 659 695 708 justitiae
714 668 792 704 est,
810 659 838 694 si
864 668 963 694 metu
987 672 1181 708 poenarum
1202 660 1237 696 in
1259 673 1345 707 gra—

357 721 444 756 tiam
467 719 602 755 veniat.
621 719 714 754 Satis
738 718 815 766 ipsa
841 731 907 767 per
925 732 962 753 se
982 719 1102 754 meriti
1119 718 1282 764 obtinet,
1305 727 1345 755 ut

355 779 550 815 bominum
572 778 609 814 in
630 790 667 812 se
686 777 806 813 studia
829 786 1031 826 provocet,
1049 786 1085 812 01
1103 779 1273 814 conciliet
1290 779 1346 814 as-

355 838 482 874 sectus.
515 841 624 873 llune
661 850 750 883 ergo
785 837 955 872 timorem
993 836 1150 871 charitas
1182 837 1345 885 perfecta

355 896 532 933 excludit.
552 894 752 943 Quomodo
769 895 868 930 enim
887 896 1051 944 perfecta
1071 895 1247 938 charitas,
1263 908 1346 943 quae

355 955 500 992 timoris
519 954 669 990 stimulo
690 952 832 1000 indiget
849 952 894 988 ad
911 953 1053 988 cultum
1067 951 1244 1000 justitiae?
1264 956 1345 989 l‘er-

354 1014 445 1050 secta
463 1013 614 1049 dilectio
635 1020 796 1047 mentem
815 1012 850 1047 in
873 1010 1032 1046 solidum
1052 1011 1240 1059 possidet,
1263 1024 1345 1047 oni-

1409 439 1454 461 ne
1478 426 1691 461 inlirmitate
1711 425 1878 461 offendat
1908 439 1916 462 ε
1947 427 2077 462 tertius
2093 454 2101 467 .
2125 426 2228 475 quod
2255 434 2396 462 metuat

1409 498 1483 520 nou
1508 485 1629 521 babet.
1653 485 1750 532 Quid
1777 485 1876 520 enim
1901 494 2042 521 metuat
2067 486 2253 534 completa
2276 486 2394 522 felici-

1410 553 1484 587 tas,
1516 553 1552 579 et
1591 552 1850 579 consummata
1881 544 2064 579 ebaritas?
2098 544 2226 580 Timor
2259 543 2318 580 bie
2351 543 2396 579 de

1410 603 1595 652 plantario
1629 604 1748 638 (11·11111·
1779 602 1979 639 charitatis.
2013 606 2093 639 Non
2122 602 2242 638 audeo
2273 602 2396 639 dicere

1410 660 1511 709 quod
1547 661 1706 696 ebaritas
1738 668 1813 704 est,
1843 673 1910 696 nec
1942 669 2063 696 tamen
2095 660 2216 696 audeo
2249 673 2395 709 negare.

1412 718 1509 765 Quid
1539 719 1636 754 enim
1672 719 1741 754 nisi
1773 731 1879 754 amor
1909 731 1988 754 esse
2023 727 2202 764 conatur,
2230 719 2294 767 qui
2318 718 2395 768 jam

1412 778 1528 813 nescit
1557 778 1730 813 affectum
1759 777 1931 813 timoris?
1953 777 2145 826 quomodo
2173 790 2246 813 non
2269 791 2395 821 amor,

1411 836 1473 884 qui
1498 835 1574 884 jam
1604 850 1699 885 pene
1723 837 1834 872 timor
1855 849 1934 872 esse
1960 836 2093 872 desiit?
2113 849 2274 885 quanam
2298 837 2397 872 enim

1412 894 1555 929 ratione
1578 895 1689 930 timor
1705 895 1755 930 nil
1775 896 1970 930 metuens?
1989 895 2176 931 Timorem
2197 895 2300 931 illum
2324 903 2397 931 tam

1412 961 1533 988 tutum
1555 953 1706 989 nomine
1741 954 1972 1001 impartirem
2002 953 2162 997 amoris,
2193 953 2262 989 nisi
2296 953 2398 1002 quod

1412 1015 1511 1048 Deus
1527 1013 1606 1061 ipse
1625 1011 1674 1048 ibi
1698 1011 1849 1060 quidem
1870 1019 1968 1046 amat
1996 1024 2063 1046 nos
2077 1039 2086 1056 ,
2108 1024 2184 1047 non
2203 1019 2324 1047 tamen
2349 1011 2398 1047 ti-

355 1074 415 1109 nia
441 1073 508 1108 soli
537 1072 604 1107 sibi
629 1070 784 1119 justitiae
811 1083 965 1106 munera
998 1070 1171 1119 deputari
1201 1071 1343 1106 volens.
1364 1064 1392 1098 Β
1413 1069 1506 1104 111()1·ἰ
1524 1070 1560 1104 iu
1595 1078 1693 1105 tanta
1714 1068 1906 1117 majestate
1930 1069 2160 1117 permittitur
2182 1069 2298 1105 locus.
2327 1069 2397 1107 Sed

354 1132 521 1181 Frigidus
539 1132 651 1167 timor
667 1138 740 1174 est,
758 1138 792 1165 et
811 1129 1087 1178 pigrejncedit,
1102 1129 1188 1165 satis
1205 1128 1345 1166 babens

353 1200 496 1227 tantum
513 1192 667 1239 impune
684 1188 855 1225 evadere.
876 1193 992 1225 Amor
1008 1189 1194 1224 fastidium
1214 1189 1342 1234 nescit,

354 1250 520 1286 fervidus
543 1257 620 1292 est,
646 1256 682 1284 ct
712 1248 748 1283 in
775 1247 965 1283 anteriora
999 1255 1201 1283 extentus:
1224 1254 1344 1282 metus

353 1307 604 1351 contractior,
634 1305 852 1341 necessitate
888 1312 1030 1340 tantum
1060 1303 1212 1351 justitiae
1244 1303 1343 1339 subit

351 1367 486 1404 officia.
517 1370 634 1401 Amor
660 1364 848 1413 perfectus
881 1362 949 1398 soli
979 1362 1080 1411 quod
1110 1361 1200 1409 agit,
1230 1360 1342 1397 debet

347 1426 522 1475 justitiae,
555 1424 645 1459 nibil
680 1424 715 1458 in
749 1436 791 1458 ea
823 1422 918 1470 juris
952 1421 1168 1469 relinquens
1205 1420 1341 1455 timori.

349 1485 515 1534 Quidni?
540 1488 596 1519 An
626 1495 700 1518 non
729 1482 815 1517 satis
844 1482 878 1516 iu
910 1493 947 1516 se
976 1479 1122 1515 obtinet
1148 1479 1268 1514 meriti
1296 1478 1341 1514 ad

349 1557 461 1580 omne
483 1543 625 1579 bonum
648 1553 743 1590 opus
760 1539 934 1588 justitia?
957 1538 1125 1575 Cbristus
1146 1538 1244 1573 enim
1273 1550 1342 1572 no-

351 1604 407 1640 bis
433 1603 550 1638 factus
570 1608 625 1636 est
641 1599 799 1647 justitia.
825 1597 922 1645 Quid
943 1599 1056 1644 ergo?
1076 1596 1246 1633 Cbristus
1267 1608 1342 1631 non

349 1663 436 1698 satis
464 1661 501 1696 in
530 1673 568 1695 se
594 1658 706 1694 babet
733 1657 831 1693 dotis
858 1656 903 1692 ad
929 1655 1180 1705 placendum?
1210 1655 1342 1691 Alieno

350 1733 440 1768 crgo
464 1727 499 1754 et
524 1719 602 1767 ipse
630 1725 669 1752 ut
697 1717 860 1765 placeat,
880 1714 1021 1762 indiget
1041 1712 1260 1761 adjumento
1277 1715 1290 1748 ?
1307 1713 1343 1750 Si

351 1791 425 1814 non
441 1777 520 1825 ejus
533 1776 690 1812 obtentu
711 1775 826 1810 solius
845 1772 1235 1822 obtemperaturipsi,
1252 1784 1345 1820 qup-

350 1837 464 1873 modo
493 1836 563 1871 erit
589 1834 669 1883 ejus
700 1834 866 1883 perfecta
895 1832 1069 1867 dilectio?
1096 1831 1252 1879 Diligam
1283 1839 1340 1875 te,

349 1896 448 1932 bone
467 1900 581 1940 Jesu;
605 1894 754 1941 diligam
779 1901 832 1937 te,
858 1892 975 1927 virtus
1000 1903 1100 1934 mea,
1125 1902 1238 1938 quem
1265 1902 1340 1925 non

348 1968 501 2004 possum
523 1954 634 2001 gratis
652 1953 828 2000 diligere,
850 1963 918 1986 nec
936 1962 1088 1999 possum
1111 1957 1234 1984 tamen
1255 1949 1342 1984 satis

350 2014 514 2061 diligere.
532 2012 752 2060 Dirigantur
769 2011 805 2046 in
825 2018 858 2045 te
876 2023 920 2045 ex
938 2010 1084 2057 integro
1102 2007 1224 2044 studia
1242 2021 1341 2053 inea,

352 2086 420 2109 nec
445 2072 566 2107 alieno
593 2070 830 2106 deducantur
854 2077 890 2104 et
915 2068 1171 2104 distrabantur
1193 2067 1340 2102 asl'ectu.

350 2138 397 2170 At
417 2144 526 2179 quam
548 2130 681 2177 exigua
701 2137 812 2171 sunt,
831 2128 942 2163 etiam
964 2140 1048 2162 cum
1070 2127 1213 2174 integra
1234 2133 1340 2168 sunt,

351 2192 389 2227 in
412 2199 447 2225 te
467 2189 588 2224 studia
610 2190 760 2223 nostra!
782 2185 976 2233 quomodo
996 2197 1085 2230 ergo
1113 2184 1340 2226 diminuam,

351 2246 454 2297 quod
478 2259 561 2281 cum
588 2245 774 2291 integrum
803 2250 879 2285 est,
904 2250 976 2276 tam
1006 2241 1102 2276 exile
1129 2242 1209 2275 est?
1228 2243 1344 2275 Totus

353 2308 389 2342 in
411 2314 463 2349 te,
482 2308 582 2340 Deus
604 2302 720 2345 bone,
745 2314 790 2336 ex
812 2300 998 2335 desiderio
1020 2299 1129 2334 ferar.
1147 2298 1265 2334 Trabe
1287 2311 1344 2333 me

355 2375 393 2402 tu
417 2365 452 2400 in
478 2371 510 2398 10
535 2363 676 2410 ipsum,
703 2369 742 2395 ut
764 2360 868 2395 nullo
895 2358 1081 2405 indigeam
1107 2358 1250 2393 timoris
1275 2357 1345 2393 im—

354 2423 484 2473 pulsu,
503 2421 564 2457 sed
585 2420 747 2469 perfecta
764 2418 924 2453 ebaritas
941 2430 1047 2452 usum
1068 2416 1147 2464 ejus
1160 2415 1343 2451 excludat.

410 2483 444 2517 7.
478 2479 575 2526 Quid
604 2479 740 2527 igitur?
766 2491 840 2513 non
869 2485 955 2512 511111
984 2475 1182 2511 metuenda
1208 2483 1346 2510 aeterna

358 2539 568 2590 supplicia?
591 2536 790 2573 Metuenda
824 2536 932 2585 plane
964 2543 1074 2579 sunt,
1104 2543 1139 2569 01
1167 2534 1344 2569 cavenda.

361 2603 478 2636 memo
511 2598 608 2633 enim
643 2609 808 2644 unquam
848 2607 997 2630 carnem
1035 2606 1139 2628 suam
1161 2592 1248 2628 odio
1280 2593 1345 2627 ba-

361 2658 442 2694 buit
465 2664 471 2677 ¹
497 2671 504 2692 ε

361 2717 503 2754 timoris
522 2729 596 2750 non
616 2723 698 2761 eget
719 2715 754 2749 in
777 2714 950 2749 affectum
964 2711 1128 2759 justitize.
1147 2715 1263 2746 Amor
1279 2711 1346 2746 iste

363 2778 451 2814 nibil
475 2784 546 2811 tarn
573 2782 726 2810 veretur
746 2781 925 2822 quantum
947 2772 1126 2806 offensam
1145 2784 1152 2805 ε
1173 2770 1236 2806 sed
1259 2783 1347 2819 pro-

362 2844 444 2884 pter
463 2834 664 2876 offensam,
693 2845 768 2867 non
803 2838 959 2879 propter
987 2842 1147 2878 pernam.
1179 2833 1226 2865 At
1249 2828 1345 2863 istud

361 2892 533 2942 quidem,
558 2888 737 2938 quamdiu
762 2889 797 2923 iu
833 2889 975 2922 incerto
1000 2887 1170 2922 bumauae
1191 2899 1248 2921 res
1274 2885 1347 2920 ssu-

361 2957 516 2993 ctuant,
546 2956 582 2982 et
611 2960 685 2982 non
716 2954 770 2981 cst
800 2953 877 2980 tuta
908 2946 986 2980 laus
1015 2944 1175 2979 bominis
1207 2943 1241 2978 in
1274 2943 1347 2978 vita

526 2655 589 2691 sed
619 2654 879 2690 veliementior
910 2653 1042 2689 (Ibristi
1071 2652 1220 2687 dilectio
1242 2659 1346 2686 motu

363 3010 491 3059 ipsius.
522 3012 569 3043 At
593 3020 676 3041 cum
703 3005 748 3040 ad
777 3005 968 3039 veritatem
995 3011 1078 3052 post
1100 3003 1211 3038 vitam
1239 3003 1348 3037 suerit

363 3066 621 3108 introductus,
645 3063 857 3111 liujusmodi
880 3062 925 3097 de
951 3063 1096 3110 reliquo
1122 3069 1240 3097 metus
1263 3075 1346 3095 ces-

361 3126 475 3169 sabit,
495 3124 617 3160 timori
637 3123 746 3158 tertio
765 3123 899 3157 faciens
922 3122 1058 3164 locum,
1076 3121 1138 3169 qui
1159 3119 1346 3169 prioribus

361 3184 511 3235 quidem
543 3181 741 3226 succedat,
778 3180 839 3216 sed
870 3181 959 3216 nulli
987 3180 1091 3215 cedat
1117 3193 1121 3214 :
1153 3189 1345 3228 permanet

410 3316 416 3329 ¹
442 3308 550 3350 liplws.
568 3319 597 3345 V,
619 3311 671 3338 20.

1409 1127 1444 1163 in
1467 1127 1576 1163 nobis
1596 1128 1790 1176 quomodo
1808 1141 1826 1163 a
1844 1127 2022 1163 charitate
2044 1127 2155 1163 timor
2171 1128 2231 1163 ille
2253 1140 2399 1177 separa-

1409 1184 1536 1222 bitur?
1564 1190 1609 1222 Et
1627 1186 1716 1235 quid
1749 1186 1847 1222 aliud
1877 1194 1934 1221 cst
1960 1185 2010 1222 ibi
2039 1186 2190 1231 timere,
2220 1186 2290 1223 nisi
2321 1200 2396 1223 non

1411 1252 1553 1280 tumere
1573 1244 1752 1281 adversus
1768 1245 1972 1280 Dominum
1992 1243 2216 1292 majestatis?
2230 1244 2328 1292 Quid
2344 1253 2399 1282 est

1410 1303 1521 1339 timor
1548 1304 1607 1339 ille
1628 1305 1697 1340 nisi
1715 1304 1841 1339 votiva
1857 1302 2062 1351 subjectio,
2083 1302 2298 1340 obedientia
2322 1317 2397 1340 non

1408 1371 1557 1407 coacta,
1596 1364 1694 1399 ultro
1724 1363 1893 1412 impensa
1927 1363 2168 1399 reverentia?
2197 1363 2399 1410 Quomodo

1411 1422 1522 1457 timor
1538 1422 1602 1470 qui
1618 1422 1810 1458 offendere
1833 1435 1908 1457 non
1927 1421 2055 1458 timet?
2073 1434 2148 1457 non
2168 1422 2266 1458 enim
2287 1422 2396 1458 valet.

1409 1480 1479 1516 Sed
1496 1481 1628 1517 iterum
1648 1481 1839 1530 quomodo
1861 1494 1936 1516 non
1963 1481 2076 1516 timor
2089 1509 2098 1526 ,
2122 1481 2187 1530 qui
2206 1480 2399 1517 offendere

1409 1553 1485 1575 non
1503 1539 1636 1576 audet?
1658 1543 1703 1576 Et
1720 1540 1831 1575 timor
1847 1552 1936 1587 ergo
1956 1553 2032 1575 non
2047 1539 2195 1576 videtur
2211 1568 2221 1584 ,
2237 1541 2323 1588 quia
2341 1540 2399 1576 ni—

1409 1599 1458 1634 bil
1479 1600 1536 1635 vel
1560 1599 1701 1648 peccati
1719 1599 1776 1634 vel
1794 1599 1952 1648 periculi
1970 1599 2103 1635 metuit
2124 1612 2131 1634 :
2150 1606 2187 1635 et
2205 1598 2316 1634 timor
2329 1607 2397 1640 est,

1408 1659 1495 1707 quia
1519 1659 1609 1694 nibil
1627 1658 1803 1694 audacter
1821 1658 1877 1694 vel
1901 1666 2040 1694 temere
2064 1658 2270 1707 praesumit.
2299 1657 2399 1705 Quid

1408 1726 1464 1754 est
1481 1718 1592 1753 timor
1608 1718 1691 1762 ille,
1713 1717 1783 1753 nisi
1805 1717 2013 1753 reverentia
2033 1717 2184 1753 humilis
2208 1729 2253 1752 ex
2278 1716 2399 1752 debiti

1408 1777 1513 1825 quasi
1541 1777 1758 1813 necessitate
1784 1777 1971 1825 impensa,
1995 1776 2059 1812 sed
2089 1775 2316 1812 necessitatis
2345 1776 2400 1811 ni-

1363 1833 1390 1869 C
1412 1836 1461 1871 bil
1483 1837 1612 1884 passa?
1640 1839 1704 1872 Est
1720 1835 1820 1871 enim
1844 1834 2077 1883 obsequendi
2099 1835 2298 1871 necessitas
2312 1833 2399 1883 jure

1408 1894 1653 1938 conditionis,
1688 1893 1752 1929 sed
1776 1893 2033 1929 necessitatem
2068 1893 2217 1941 ignorat
2247 1891 2400 1928 libertas

1408 1953 1630 1989 dilectionis.
1649 1952 1747 2000 Quid
1769 1961 1824 1988 cst
1850 1953 1962 1988 timor
1982 1953 2067 1997 illc,
2089 1952 2159 1988 nisi
2179 1951 2398 1988 temeritatis

1407 2022 1443 2049 et
1466 2013 1699 2061 negligentiae
1720 2012 1834 2060 magis
1854 2011 2037 2060 privatio,
2061 2023 2173 2059 quam
2200 2010 2400 2047 necessita—

1409 2073 1455 2109 tis
1478 2071 1646 2108 coactio?
1665 2071 1778 2108 Vides
1797 2079 1978 2119 quantum
1999 2070 2110 2106 timor
2130 2069 2198 2106 iste
2218 2069 2400 2119 approxi-

1409 2139 1485 2167 mat
1516 2130 1561 2166 ad
1591 2130 1841 2165 charitatem?
1867 2142 1962 2178 pene
1998 2129 2060 2164 illa
2088 2137 2164 2173 est,
2197 2128 2262 2164 sed
2289 2128 2401 2177 plene

1411 2201 1486 2224 non
1507 2196 1571 2223 est.
1601 2191 1717 2224 Causa
1742 2187 1873 2232 distat,
1902 2200 1971 2235 par
1993 2195 2048 2222 051
2080 2187 2229 2223 affectu.
2256 2186 2401 2233 Quaeris

1409 2257 1482 2292 qua
1499 2245 1630 2280 causa?
1650 2244 1841 2279 Inferioris
1858 2243 2086 2279 conditionis
2106 2252 2276 2292 respectu
2293 2243 2401 2279 obse-

1410 2301 1550 2350 quendi
1570 2301 1616 2338 ad
1633 2315 1782 2337 omnem
1807 2310 1938 2337 nutum
1969 2310 2081 2337 tantae
2111 2301 2305 2350 majestati.
2336 2305 2400 2338 In-

1411 2360 1552 2397 cumbit
1584 2360 1650 2396 tibi
1678 2361 1779 2408 justa
1809 2360 2028 2404 necessitas,
2065 2359 2129 2396 sed
2166 2359 2212 2395 ad
2250 2373 2399 2396 causam

1411 2421 1518 2455 istam
1535 2419 1694 2455 ebaritas
1719 2432 1793 2454 non
1816 2427 1999 2467 respectat
2017 2432 2023 2453 ε
2043 2418 2180 2454 divinae
2198 2417 2401 2466 majestatis

1410 2477 1655 2513 admiratione
1674 2477 1836 2525 rapitur,
1863 2490 1937 2512 non
1960 2477 2132 2512 contuitu
2155 2476 2292 2512 inlimae
2308 2489 2402 2512 eon-

1411 2536 1575 2572 ‹litionis.
1602 2539 1700 2584 Ergo
1737 2536 1917 2571 rationem
1948 2548 2059 2584 quam
2089 2536 2201 2571 timor
2228 2535 2400 2585 respicit,

1363 2596 1396 2629 D
1414 2596 1571 2631 ebaritas
1589 2594 1702 2629 nescit
1722 2594 1840 2629 causis
1860 2602 2051 2642 praeventa
2069 2592 2292 2642 potioribus.

1465 2657 1499 2689 ὅ.
1530 2653 1656 2690 Causis
1684 2665 1772 2700 ergo
1800 2651 1939 2687 distant
1966 2652 2076 2687 timor
2105 2660 2142 2687 et
2169 2664 2299 2696 arnor,
2329 2650 2401 2687 ob-

1412 2713 1541 2760 sequio
1569 2719 1603 2746 et
1634 2711 1768 2746 asl'ectu
1799 2709 1917 2745 libero
1946 2710 2106 2758 cognati.
2135 2710 2284 2746 Primus
2311 2721 2400 2757 ergo

1414 2772 1525 2806 timor
1555 2770 1683 2805 metuit
1715 2769 1841 2817 puniri
1863 2783 1870 2804 :
1896 2768 2082 2805 secundus
2099 2796 2108 2813 ,
2134 2768 2299 2817 privari:
2323 2776 2399 2803 ter-

1413 2830 1504 2873 tius,
1529 2837 1715 2863 neutrum.
1744 2827 1908 2864 Primum
1929 2828 2032 2864 illum
2054 2827 2218 2876 perfecta
2243 2826 2400 2862 ebaritas

1413 2888 1636 2924 exterminat
1657 2886 1884 2922 :secundum
1902 2887 1947 2923 ad
1973 2895 2120 2936 tempus
2145 2886 2303 2921 tolerat:
2325 2893 2400 2921 ter-

1415 2948 1505 2983 tium
1537 2946 1605 2982 sibi
1636 2946 1791 2981 indivise
1823 2946 2026 2982 collaterat.
2061 2949 2170 2981 llunc
2198 2957 2284 2989 vos,
2317 2943 2400 2979 flliae

1413 3006 1644 3049 Jerusalem,
1676 3004 1847 3039 timorem
1881 3012 2039 3052 captate.
2079 3004 2244 3040 Primum
2273 3010 2401 3039 cavete

1414 3065 1535 3108 illum,
1555 3077 1665 3112 quem
1693 3063 1851 3098 ebaritas
1878 3064 1974 3098 foras
2002 3062 2115 3097 mittit
2136 3075 2144 3098 ε
2163 3063 2316 3105 Media,
2340 3061 2401 3096 in-

1412 3123 1510 3171 quit,
1525 3123 1704 3156 charitate
1718 3126 1922 3156 constravit.
1936 3125 1961 3158 L
1972 3120 2006 3156 bi
2025 3120 2144 3156 media
2158 3119 2264 3165 dicit,
2280 3127 2398 3155 totum

1412 3181 1472 3217 dat
1496 3181 1659 3229 intelligi.
1689 3184 1732 3217 lit
1758 3181 1869 3216 vestri
1897 3180 2020 3217 cordis
2046 3179 2210 3216 medium
2241 3179 2400 3215 ebaritas
