2418 3949
120 134 195 170 609

741 136 1087 172 DECLAMATIOR
1096 136 1148 171 Es
1177 137 1243 170 EX
1271 137 1548 173 BERNARDO.

119 210 242 247 batur.
267 214 437 259 Quantos
456 224 544 248 sane
569 211 740 248 videmus
761 213 823 262 qui
841 213 1002 261 diligunt
1025 225 1108 248 mu-
1118 210 1150 229 ²³

2094 140 2169 175 (310

1157 210 1358 260 'quoniam
1379 212 1537 249 odibiles
1557 217 1659 258 Deo,
1689 223 1726 250 et
1757 215 1899 251 mundo
1921 216 2169 254 exsecrabiles

119 284 232 317 nera,
262 280 473 322 sequuntur
503 271 819 308 retributionem?
851 280 1013 321 quantos
1046 272 1111 320 qui
1131 273 1260 307 Aesse
1284 279 1448 317 constat,
1479 273 1610 308 melius
1635 282 1690 309 est
1721 275 1828 310 silere
1859 288 1970 323 quam
1999 277 2114 326 loqui.

121 329 270 367 Christo
285 330 450 367 Domino
473 343 550 367 non
571 331 759 377 serviunt,
780 330 846 368 sed
867 343 936 367 suo
963 330 1112 366 ventri?

342 466 415 495 XV.
432 482 476 487 —
494 467 543 496 De
561 470 694 506 quatuor
711 464 887 496 virtutibus.

181 569 239 605 17.
268 569 374 614 Quis,
386 577 515 617 putas,
533 577 584 603 est
593 569 727 615 fidelis
740 582 860 604 servus
878 577 914 603 ec
923 569 1110 616 prudens,

123 641 230 676 quem
254 632 440 664 constituit
463 630 642 663 Dominus
659 641 772 676 super
781 626 975 674 summam
993 639 1112 669 suam,

123 696 161 722 ut
169 689 230 723 (let
243 689 314 722 c'III's
325 700 446 722 escam
460 691 498 721 in
513 693 692 734 tempore'
709 687 879 735 ?Quaeris
892 687 987 723 forte
1001 699 1115 735 quam

123 747 272 782 escam?
296 747 416 790 Meus,
444 745 584 793 inquit,
605 745 706 781 cibus
737 756 791 782 est
817 755 856 781 ut
877 745 1028 794 faciam
1048 760 1116 783 vo—

123 807 298 839 luntatem
313 804 438 838 Putris
454 807 528 838 mei
544 809 569 838 ².
587 804 773 839 Nimirum
805 805 882 840 vita
909 805 947 840 in
981 805 1120 841 volun-

125 870 199 898 tate
212 861 293 910 ejus
310 859 338 907 ³,
352 875 427 910 qua
446 861 598 910 quidem
617 875 686 898 nec
701 863 802 912 pasci
818 863 899 912 ipse
910 892 920 909 ,
941 876 1011 900 nec
1027 864 1120 900 alios

126 933 280 970 pascere
300 921 467 970 poterit,
493 921 562 957 nisi
592 920 712 958 fidelis
731 922 779 957 sit
807 930 843 958 et
864 922 1032 971 prudens
1048 951 1058 967 ‚
1081 931 1122 959 ut

1236 330 1294 365 18.
1323 333 1418 367 Sane
1443 343 1555 367 nemo
1588 341 1742 380 repente
1776 335 1816 369 tit
1845 335 2082 384 turpissimus
2104 345 2172 372 :et

1181 387 1241 423 vix
1281 388 1416 437 aliquis
1461 390 1498 424 in
1539 390 1639 426 hunc
1675 392 1850 428 affectum
1887 394 2064 442 nequitiae
2101 395 2171 432 nisi

1178 459 1296 495 prava
1337 449 1609 485 consuetudine
1645 452 1897 499 pertransivit.
1945 455 2038 489 Sunt
2071 454 2171 490 enim

1178 505 1319 542 infirmi
1339 514 1376 542 et
1397 507 1511 556 tepidi
1538 516 1724 544 amatores
1742 508 1917 556 justitiae,
1940 512 2084 560 ¹quibus
2108 522 2173 549 aut

1179 565 1299 613 vigor,
1329 574 1393 601 aut
1422 566 1548 602 fervor
1571 566 1695 612 deest,
1719 576 1782 604 aut
1802 569 1968 606 fortassis
1988 579 2171 620 uterque;

1181 638 1265 661 cum
1286 634 1446 674 uterque
1473 626 1519 662 sit
1539 640 1780 676 summopere
1802 631 2050 676 necessarius,
2075 632 2175 668 inter

1181 697 1365 734 prospera
1383 685 1526 734 quippe
1557 694 1594 722 et
1625 686 1781 723 adversa
1804 690 1977 726 versanti.
1998 693 2049 727 [t
2074 692 2175 728 enim

1182 743 1322 791 vigoris
1351 756 1431 779 esse
1469 743 1728 791 dignoscitur,
1763 758 2000 795 nequaquam
2044 750 2176 786 cedere

1185 802 1436 848 tribulationi,
1457 803 1520 839 sed
1538 816 1608 852 pro
1619 803 1762 852 justitia
1778 807 2081 854 persecuti0nem
2101 810 2178 845 uti—

1185 862 1272 898 liter
1298 863 1483 899 sustinere
1512 878 1520 899 :
1543 863 1595 899 sic
1626 863 1765 900 fervori
1789 865 1941 901 videtur
1973 866 2180 905 attribuen-

1188 921 1298 967 dum,
1327 922 1440 958 nullis
1468 922 1550 971 capi
1588 922 1874 972 voluptatibus,
1905 925 2016 961 nullis
2047 927 2177 964 illece-

124 993 206 1017 eam
230 989 267 1017 et
283 981 486 1031 intelligat,
507 989 545 1018 et
564 981 693 1030 diligat
713 995 721 1017 :
744 980 873 1030 diligat
899 990 1023 1018 autem
1043 983 1118 1019 sor·
1141 980 1166 1014 B
1187 980 1264 1018 bris
1286 982 1471 1018 enervari.
1494 984 1585 1029 Quae
1604 982 1758 1031 quidem
1783 991 1861 1019 tum
1883 985 1985 1020 omni
2011 988 2156 1036 populo
2170 1017 2179 1033 ‚

126 1041 222 1086 ticet,
240 1040 370 1090 diligat
385 1050 423 1078 et
436 1041 638 1078 ferventer.
653 1040 813 1089 Quando
829 1043 929 1078 enim
941 1054 1120 1079 excusare

125 1101 337 1151 ignorantia
367 1101 486 1151 possit
513 1100 707 1138 hominem
724 1129 734 1146 ‚
757 1101 823 1150 qui
844 1114 882 1137 se
902 1102 1120 1150 magistrum

125 1161 346 1207 infantium,
378 1160 574 1197 doctorem
609 1159 866 1209 insipientium
894 1161 1122 1209 profitetur?

125 1225 307 1271 Ignorans
338 1222 469 1270 utique
499 1220 736 1270 ignorabitur
751 1221 780 1267 ⁴,
806 1221 883 1257 imo
918 1229 956 1257 et
983 1221 1122 1257 multos

125 1281 300 1330 ignorare
326 1280 436 1317 faciet
459 1288 497 1316 et
515 1280 694 1330 ignorari.
719 1280 818 1328 Quid
847 1281 947 1316 enim
964 1280 1123 1329 periculi

127 1340 192 1386 sit,
208 1338 275 1376 ubi
290 1353 368 1376 non
388 1339 534 1376 invenit
555 1347 687 1389 pastor
703 1352 862 1390 pascua,
880 1340 1028 1389 ignorat
1045 1340 1123 1375 dux

126 1400 270 1437 itineris
302 1400 398 1436 viam
413 1429 423 1446 ,
453 1400 615 1436 vicarius
634 1400 754 1436 nescit
778 1399 922 1436 domini
942 1400 1122 1436 volunta—

128 1468 224 1506 tem;
246 1461 408 1497 Ecclesia
434 1460 603 1509 quotidie
623 1460 882 1509 multipliciter
905 1468 942 1496 et
966 1459 1119 1496 misera·

128 1518 255 1555 biliter
273 1519 480 1568 experitur.
507 1521 574 1555 Est
600 1519 700 1554 enim
725 1526 766 1555 ut
782 1518 1048 1569 sacratissima,
1068 1518 1121 1554 sic

130 1586 167 1614 et
187 1578 434 1614 secretissima
458 1591 518 1614 res
545 1578 722 1614 voluntas
750 1579 842 1624 Dei,
863 1586 900 1614 et
930 1578 1121 1614 occultum

131 1637 289 1674 omnino
313 1637 535 1678 consilium,
562 1636 608 1672 de
634 1650 711 1686 quo
741 1646 780 1673 et
805 1638 1012 1687 Apostolus
1039 1637 1123 1687 glo·

131 1697 272 1733 riatur:
290 1699 400 1742 Puto,
428 1696 623 1745 inquiens,
655 1698 755 1744 quod
784 1706 819 1733 ee
850 1710 915 1745 ego
946 1698 1122 1745 Spiritum

1187 1049 1265 1077 tum
1292 1041 1453 1077 maxime
1473 1050 1510 1078 et
1531 1042 1742 1091 specialiter
1768 1042 1929 1080 ducibus
1946 1046 2076 1094 populi
2097 1057 2185 1083 sunt

1187 1101 1413 1146 necessaria,
1436 1114 1483 1137 ne
1509 1101 1604 1137 forte
1630 1101 1669 1137 in
1697 1102 1905 1151 perniciem
1927 1105 2096 1141 omnium
2121 1119 2182 1142 er-

1187 1173 1271 1196 rare
1287 1161 1492 1210 contingat.
1514 1160 1614 1208 Quid
1636 1161 1737 1197 enim
1755 1162 1870 1198 refert
1892 1176 1966 1212 qua
1987 1165 2184 1202 occasione

1187 1221 1287 1257 viam
1325 1220 1501 1258 deserant
1545 1221 1732 1267 veritatis,
1774 1222 2002 1260 seducantur
2042 1225 2183 1274 ignari,

1188 1289 1395 1330 sequantur
1411 1281 1609 1330 spontanei
1629 1309 1638 1326 ‚
1664 1282 1942 1331 compellantur
1960 1284 2093 1328 inviti,
2119 1298 2186 1323 seu

1188 1340 1423 1376 attrahantur
1459 1341 1596 1376 illecti?
1640 1341 1732 1389 quid
1763 1341 1942 1387 interest,
1977 1343 2185 1382 dnmmodo

1188 1408 1276 1436 eant
1298 1401 1334 1436 in
1356 1399 1636 1449 perditionem?
1655 1401 1713 1437 Sic
1733 1401 1832 1437 enim
1855 1405 1941 1439 Evae
1961 1404 2184 1452 prudentia,

1188 1459 1279 1496 Adae
1300 1460 1570 1509 temperantia,
1592 1461 1682 1497 Cain
1704 1461 1861 1497 omnino
1885 1460 2051 1510 justitia,
2072 1467 2184 1502 Petro

1187 1519 1307 1556 defuit
1345 1518 1542 1556 fortitudo.
1584 1523 1703 1567 Quam
1733 1521 1885 1570 quidem
1915 1522 2066 1560 virtutis
2092 1538 2186 1574 qua-

1187 1579 1349 1616 drifariae
1384 1579 1652 1628 perfectionem
1683 1588 1720 1616 et
1752 1580 1966 1617 cathedram
2004 1585 2185 1621 sanctita-

1189 1640 1234 1675 tis
1264 1638 1492 1676 omnimodis
1519 1639 1634 1689 exigit
1658 1640 1907 1676 ministerium
1938 1640 2010 1678 hoc
2037 1643 2083 1679 de
2109 1658 2186 1693 quo

1190 1699 1412 1748 loquimur:
1444 1707 1486 1735 ut
1517 1698 1586 1735 hac
1619 1698 1708 1736 dote
1737 1713 1886 1745 carens,
1918 1701 2054 1739 frustra
2088 1703 2186 1751 sibi,

131 1759 206 1792 Dei
231 1755 387 1793 habeam
405 1756 431 1793 ⁵.
456 1756 567 1793 Unde
590 1765 627 1792 et
647 1757 727 1806 ipsa
745 1757 889 1794 Veritas
905 1757 958 1793 ait
978 1785 985 1792 .
1004 1759 1121 1793 Nemo
1139 1759 1165 1793 C
1187 1766 1364 1806 tanquam
1397 1770 1465 1807 per
1493 1758 1679 1794 Christum
1711 1758 1926 1805 introierit,
1958 1759 2184 1801 blandiatur.

133 1824 204 1851 scit
221 1830 309 1865 quoe
324 1825 409 1852 sunt
429 1821 466 1852 in
489 1817 652 1861 homme,
674 1821 748 1852 nisi
768 1821 920 1865 spiritus
944 1817 1121 1862 hominis,

133 1880 197 1924 qui
215 1885 270 1912 est
287 1884 324 1911 m
344 1881 436 1924 ipso.
461 1877 523 1912 Sic
542 1886 575 1912 et
594 1890 680 1924 quoe
705 1879 776 1912 Dei
801 1885 908 1921 sunt,
927 1890 1034 1912 nemo
1054 1890 1124 1912 110-

134 1941 198 1981 vit,
224 1941 298 1972 nisi
323 1938 482 1984 Spiritus
509 1938 593 1981 Dei,
623 1941 686 1984 qui
709 1940 747 1972 in
778 1941 856 1984 ipso
890 1935 981 1972 851⁶.
1016 1936 1126 1975 Utilis

134 1995 296 2045 proinde
329 1996 459 2042 lectio,
481 1996 582 2032 utilis
616 1996 780 2032 eruditio
811 2005 889 2041 est,
921 1996 987 2033 sed
1007 1998 1127 2033 multo

137 2055 252 2104 magis
271 2055 402 2091 unctio
417 2056 643 2101 necessaria3
663 2056 806 2105 quippe
821 2069 904 2105 quae
924 2056 1002 2092 sola
1019 2056 1129 2092 docet

137 2114 183 2151 de
201 2113 378 2151 omnibus
394 2121 420 2150 7.
441 2115 551 2152 L'nde
572 2124 695 2152 autem
717 2117 812 2152 scire
831 2115 1020 2152 videbitur
1044 2129 1128 2165 quae

137 2174 184 2211 sit
204 2174 379 2211 voluntas
404 2175 472 2211 Dei
500 2174 620 2221 bona,
637 2184 674 2211 et
697 2174 948 2225 beneplacens
961 2205 971 2222 ‚
985 2184 1022 2213 et
1041 2190 1128 2226 per-

139 2234 233 2270 fecta
247 2262 256 2279 ,
277 2234 343 2283 qui
378 2248 447 2270 nec
467 2235 638 2284 pulsare,
663 2248 732 2272 nec
753 2248 941 2284 qnaerere,
963 2249 1032 2272 nec
1061 2249 1127 2285 pe-

139 2301 216 2329 tere
250 2294 467 2339 consuevit;
503 2295 566 2343 qui
600 2293 722 2330 donec
754 2294 962 2331 alienarum
999 2308 1127 2331 curam

137 2353 344 2403 susciperet
384 2354 615 2400 animarum,
645 2367 839 2403 nunqnam
869 2367 945 2391 suae
975 2355 1129 2404 gessisse

138 2426 265 2450 curam
281 2442 290 2459 ,
311 2413 377 2450 sed
399 2414 436 2450 in
464 2427 563 2450 vano
594 2427 675 2450 eam
705 2414 807 2450 visus
836 2422 891 2451 est
917 2415 1130 2465 accepisse?

141 2477 263 2521 Atque
285 2472 427 2509 utinam
445 2473 503 2509 vel
526 2481 616 2509 tunc
630 2481 778 2509 curaret
797 2487 901 2510 suam
917 2502 926 2518 ‚
946 2482 987 2510 ut
1007 2486 1129 2510 meam

140 2543 292 2579 quoque
324 2540 455 2581 postea
483 2540 701 2568 curaturum
739 2545 890 2582 sperare
920 2533 1073 2577 liceret;
1096 2535 1183 2569 etD
1204 2549 1218 2564 υ
1253 2530 1449 2567 introitum
1481 2530 1740 2567 delectationis
1764 2532 1793 2554 ¹⁵

142 2589 189 2626 de
219 2603 287 2627 suo
308 2591 412 2640 prius
441 2592 551 2627 oculo
578 2591 757 2628 festucam
779 2592 954 2641 ejiceret,
975 2592 1022 2629 de
1043 2606 1127 2630 meo

144 2649 289 2686 videret
321 2649 457 2698 ejicere
486 2650 628 2687 trabem
643 2650 670 2687 ⁸.
702 2655 794 2688 Nam
816 2651 862 2688 de
893 2652 949 2688 his
976 2653 1128 2701 quidem

144 2709 209 2758 qui
229 2718 267 2745 et
281 2708 344 2746 ubi
365 2710 461 2746 forte
481 2711 693 2759 intelligunt
710 2711 862 2748 Domini
880 2712 1129 2757 voluntatem,

146 2769 339 2817 negligunt
359 2777 481 2806 tamen
495 2799 504 2814 ‚
521 2779 559 2806 et
578 2778 758 2819 quantum
774 2771 980 2820 praevalent
998 2771 1132 2808 adver—

145 2836 276 2864 santur
299 2828 355 2873 ei3
386 2829 451 2878 qui
475 2828 661 2865 dederunt
684 2842 817 2866 manus
837 2831 969 2873 morti,
992 2839 1028 2867 et
1047 2844 1132 2866 cum

147 2887 296 2923 inferno
328 2886 445 2923 iniere
472 2887 614 2933 foedns,
637 2896 677 2924 ut
697 2887 868 2924 odientes
887 2887 1048 2933 bonum,
1069 2888 1136 2924 ad—

148 2946 332 2982 haerentes
365 2946 483 2991 maio,
525 2946 641 2996 parati
667 2946 739 2982 sint
778 2948 891 2996 gratis
926 2949 1137 2984 consentire

149 3012 303 3053 peccato
318 3031 327 3049 ,
363 3004 490 3041 fovere
529 3005 706 3042 malitiam
723 3034 733 3051 ‚
769 3007 892 3043 favere
926 3007 1135 3056 iniquitati3

1190 1817 1382 1865 Siquidem
1423 1816 1562 1853 dicitur
1601 1817 1789 1867 ignoranti
1814 1847 1823 1863 ‚
1863 1821 1905 1855 Si
1939 1834 2057 1857 coecus
2087 1837 2185 1860 coeco

1191 1878 1359 1912 ducatum
1382 1885 1556 1925 proestet,
1594 1891 1716 1912 norme
1747 1878 1854 1913 ambo
1885 1883 1921 1913 iu
1947 1877 2097 1925 ιἶοιέτιηι
2121 1896 2186 1918 co-

1191 1937 1333 1971 dumo?
1352 1943 1389 1971 et
1413 1936 1500 1972 item
1515 1963 1526 1979 ,
1559 1937 1775 1972 Sacerdotes
1796 1951 1869 1972 non
1900 1941 2097 1984 ‹lia-erunt,
2116 1942 2186 1978 Ubi

1194 2004 1246 2030 esc
1259 1997 1464 2031 Dominus?
1478 2004 1513 2030 et
1526 2004 1687 2030 tenentes
1705 1999 1820 2045 legem
1840 2004 2049 2036 nescierunt
2065 2015 2123 2037 me
2140 2008 2182 2038 ¹⁰.

1194 2058 1272 2102 Ipsi
1296 2056 1490 2103 prophetet·
1522 2065 1556 2090 ec
1582 2064 1748 2102 pastores
1778 2055 1949 2093 abierunt
1981 2063 2018 2094 ιἸι
2051 2069 2186 2097 terram

1195 2128 1306 2162 quam
1335 2116 1634 2162 ignoraverunt¹¹
1658 2129 1666 2150 z
1688 2115 1836 2151 Dicitur
1863 2125 1900 2153 et
1930 2119 2082 2168 iniquo,
2111 2123 2188 2156 Fur

1195 2189 1269 2210 non
1289 2179 1394 2210 venit
1413 2178 1487 2208 nisi
1505 2182 1544 2208 ut
1571 2184 1706 2209 mactet
1725 2185 1759 2210 et
1774 2178 1911 2222 perdat
1925 2183 1952 2199 ¹²
1977 2192 1984 2212 :
2009 2188 2046 2215 et
2067 2180 2160 2216 illud
2175 2209 2185 2224 ‚

1197 2236 1366 2269 Dilexists
1379 2236 1565 2268 malitiam
1583 2247 1695 2282 super
1705 2233 1963 2282 benignitatem
1982 2236 2024 2275 ¹3.
2044 2239 2191 2276 Dicitur

1195 2292 1422 2342 pusillanimi
1444 2307 1451 2328 :
1485 2294 1768 2338 mercenarius,
1795 2303 1829 2329 et
1856 2300 1920 2342 qui
1948 2310 2021 2332 uon
2043 2307 2096 2333 est
2114 2313 2192 2347 pa-

1193 2362 1278 2396 seor,
1299 2354 1406 2388 vt'det
1421 2355 1548 2400 lupum
1571 2357 1800 2398 venientem,
1822 2353 1990 2404 elfilgil,
2006 2362 2098 2405 quia
2117 2372 2190 2393 non

1195 2421 1247 2447 est
1261 2416 1297 2447 ei
1319 2425 1408 2446 cura
1425 2414 1472 2447 de
1493 2411 1614 2447 ovibus
1629 2413 1669 2448 ¹⁴.
1687 2412 1836 2463 Dicitur
1855 2416 1887 2452 ei
1912 2416 1977 2465 qui
1998 2425 2082 2466 post
2103 2431 2192 2454 con-

1195 2471 1445 2520 cupiscentias
1462 2483 1546 2507 suas
1563 2471 1665 2507 vadit
1687 2486 1694 2507 :
1717 2489 1730 2504 (ι
1752 2476 1853 2510 'Mors
1870 2484 1925 2512 est
1944 2476 2067 2525 posita
2086 2490 2194 2521 secus

1825 2548 1833 2569 :
1871 2553 1884 2565 a>
1912 2535 2050 2571 dicitur
2074 2536 2161 2573 item
2181 2566 2190 2582 ,

1199 2592 1335 2625 Omnes
1361 2603 1446 2637 qnoe
1473 2603 1542 2624 sua
1573 2598 1657 2624 suut
1684 2601 1878 2637 qnoertmt,
1910 2607 1984 2628 mm
2004 2608 2088 2642 quse
2105 2597 2195 2632 lesu

1199 2650 1330 2685 Christi
1344 2646 1385 2683 ¹⁶.
1406 2651 1545 2683 Verum
1568 2647 1638 2684 hoc
1659 2648 1851 2686 hactenus.

1223 2786 1314 2814 XVI.
1340 2801 1384 2806 —
1409 2782 1576 2823 Quomodo
1594 2782 1769 2815 deserviant
1789 2785 1892 2816 cleriei
1909 2797 1966 2828 pro
1986 2786 2021 2817 iis
2042 2799 2110 2829 quai
2134 2790 2173 2821 de

1559 2836 1699 2867 ecclesiis
1718 2837 1844 2869 habent.

1261 2949 1318 2983 15).
1337 2951 1419 2984 Jam
1441 2947 1506 2995 qui
1526 2961 1593 2997 per
1614 2949 1801 2986 Christum
1824 2950 1892 2987 sibi
1921 2953 1956 2988 in
1976 2962 2115 2991 sortem
2135 2958 2201 2993 mi-

1206 3007 1349 3043 nisterii
1392 3007 1507 3056 hujus
1545 3009 1720 3046 introisse
1767 3011 1939 3058 videtur,
1980 3014 2025 3051 de
2063 3025 2200 3053 caetero

202 3151 209 3165 ¹
230 3144 342 3176 Manli.
359 3155 450 3181 xxm,
468 3148 522 3176 45.
540 3164 583 3169 —-
603 3149 722 3178 ’.ῐοιιιιι
745 3158 790 3182 ιν,
809 3149 862 3177 34.
878 3164 920 3168 —
944 3144 958 3166 ³
982 3146 1061 3177 Psal.
1088 3157 1169 3176 xxix
1185 3170 1193 3182 ,
1214 3151 1244 3177 Γ».
1260 3165 1300 3169 —
1323 3149 1335 3172 ⁴
1354 3151 1365 3178 1
1391 3150 1461 3178 Cor.
1483 3159 1551 3182 xiv,
1574 3151 1627 3179 38.
1650 3168 1687 3170 -κ
1718 3148 1729 3170 ⁵
1758 3150 1802 3181 Μ,
1826 3163 1894 3186 sn,
1917 3156 1967 3184 w.
1987 3173 2025 3176 -
2047 3158 2062 3174 ι»
2087 3157 2130 3187 ld·
2157 3170 2178 3186 Η

159 3202 208 3228 11.
227 3217 232 3220 >
249 3216 265 3219 —
284 3200 435 3229 71Joan.
456 3210 505 3234 ιι,
525 3202 576 3230 27.
594 3217 631 3221 —
653 3201 665 3222 ⁸
682 3199 794 3230 Manli.
817 3211 864 3229 vii
883 3223 890 3234 ,
912 3204 942 3229 ζ).
957 3198 1166 3233 —211d.xx-.
1191 3202 1241 3230 lsi.
1259 3217 1298 3222 —-
1319 3206 1348 3219 '¹'
1366 3203 1481 3231 Jrrrm.
1500 3213 1520 3230 ιι
1538 3226 1544 3234 ,
1565 3203 1855 3237 s.--··1‹!.x1=-.
1885 3211 1933 3236 18.
1969 3226 1992 3229 --
2020 3213 2046 3228 ¹³
2063 3211 2202 3245 ,lom-1„0

161 3255 209 3280 10.
226 3269 264 3272 ff-
282 3249 310 3272 ¹³
327 3251 405 3280 l‘sal.
429 3262 458 3280 ι.ι
475 3275 481 3284 ,
501 3256 530 3283 Ii,
562 3272 584 3273 ff
610 3256 639 3278 ¹⁴⁸
656 3255 748 3284 Joan.
762 3264 801 3285 x.
825 3256 876 3286 17..
900 3256 948 3283 13.
965 3271 1004 3274 --
1026 3250 1053 3273 ¹⁵
1074 3255 1103 3283 S.
1127 3252 1242 3283 l'wnrd.
1262 3255 1422 3295 1t‹·g.‹·.··p.
1442 3255 1471 3283 7,
1554 3258 1581 3274 ¹¹·
1599 3253 1731 3296 Philipp.
1751 3267 1786 3289 ιι,
1810 3260 1860 3287 21.

284 3322 372 3344 ·1·‹›.u.
398 3323 430 3343 κ’.

1946 3317 1994 3351 ’λιι
