2504 3928
370 237 443 271 459

368 312 606 348 suetudinem
640 310 852 354 subactam,
873 309 1042 359 accipere
1069 319 1234 347 meretur
1256 311 1360 360 quasi

1090 236 1325 271 GUIGONIS
1354 236 1411 270 CA
1420 236 1696 271 R'l'USlENSlS

1370 310 1419 328 ⁸12!

2337 236 2355 271 ‘¹1
2363 236 2414 271 60

1431 311 1544 348 tando
1563 319 1598 347 et
1616 310 1828 357 tractando,
1845 316 2028 359 attingens
2045 311 2177 359 ubique
2192 322 2347 360 propter
2357 318 2414 348 sui

370 371 590 407 naturaliter
610 369 795 405 affectam.
819 368 890 406 Ubi
914 369 965 405 illi
983 377 1039 405 est
1060 368 1274 406 obedientia
1291 383 1359 406 ne—
1381 376 1409 409 A
1427 370 1686 407 lllumlilitlm3.
1718 370 1880 419 Adjuvat
1903 371 2002 407 enim
2025 374 2127 407 Deus
2153 371 2261 407 vultu
2288 384 2355 407 suo
2376 384 2415 408 se

370 429 562 471 cessimus,
577 428 643 463 iste
654 440 734 463 eam
747 425 858 462 habet
873 426 1073 464 charitatis.
1088 427 1161 465 Ubi
1176 428 1236 464 ille
1248 428 1361 465 virtu-

372 496 426 523 tes
441 486 577 522 laboris
592 485 720 534 plenas
732 513 741 530 ,
752 485 819 520 iste
832 484 944 522 habet
956 498 1017 522 eas
1034 498 1157 523 versas
1170 486 1206 523 in
1228 499 1360 523 mores.

374 545 430 580 llli
446 556 536 579 vero
553 555 720 592 passeres
735 542 802 579 Dei
820 555 966 578 sursum
986 543 1145 579 nitentes
1159 543 1204 580 ad
1220 558 1263 580 ea
1280 558 1362 593 quae

374 612 461 640 sunt
479 604 751 653 perfectorum3
771 616 847 638 non
863 603 1034 639 elationis
1052 604 1361 653 praesumptione,

374 663 438 699 sed
465 663 612 711 pietatis
637 675 784 705 amore,
811 662 850 698 in
877 671 1097 712 paupertate
1126 663 1278 712 spiritus
1307 663 1363 699 sui

374 722 584 766 sublimati,
608 734 684 758 non
706 722 942 771 repelluntur
965 730 1005 757 ut
1030 722 1136 766 elati,
1159 722 1221 758 scd
1243 722 1362 758 susci-

375 782 531 830 piuntur
558 790 599 818 ut
618 781 745 818 devoti
769 796 775 817 :
798 790 834 816 et
854 781 1057 829 aliquando
1080 781 1151 817 hoc
1172 790 1364 822 merentur

373 841 557 890 experiri,
577 854 653 890 quo
683 841 894 890 spirituales
921 841 1013 886 l'rui3
1039 849 1076 877 et
1095 854 1243 891 semper
1270 843 1362 878 asse-

373 909 474 937 ctant
494 901 630 937 imitari
648 913 778 937 eorum
800 900 914 936 vitam
935 900 1112 946 activam,
1133 900 1178 938 ad
1198 913 1361 948 quorum

372 959 543 996 aiiibiunt
559 960 854 996 consolationem
872 960 1215 1009 contemplativam.
1231 960 1363 1008 Sicque

373 1032 448 1055 uno
476 1019 629 1067 spiritu,
655 1018 740 1054 licet
771 1031 845 1053 non
874 1031 949 1054 uno
972 1031 1100 1066 gressu
1132 1018 1362 1067 gradientes,

1427 430 1654 476 intuentem,
1673 438 1798 466 movet
1814 443 1856 466 ac
1874 438 2094 479 promovet,
2115 437 2153 466 et
2171 430 2417 479 attrahitspe-

1429 491 1502 526 cies
1533 490 1668 526 sumini
1698 489 1788 525 boni
1818 502 1856 526 se
1891 489 2220 538 contemplantem.
2249 491 2417 538 Cumque

1430 550 1524 585 ratio
1553 549 1784 598 proficiendo
1806 549 1842 584 in
1867 561 2032 584 amorem
2055 560 2201 584 sursum
2225 548 2414 592 ascendit,

1429 609 1566 644 anuinti
1582 617 1618 644 et
1629 607 1855 644 desideranti
1867 607 1983 655 gratia
1997 605 2274 642 condescendit.
2289 608 2416 644 Unum

1430 679 1527 714 srepe
1544 667 1658 710 liunt,
1680 678 1763 714 quae
1784 665 1866 700 illos
1889 664 1984 699 duos
2007 672 2124 700 status
2148 664 2315 700 efficiunt
2333 677 2417 713 quae

1430 733 1517 759 sunt
1541 725 1635 760 ratio
1662 732 1697 760 et
1722 736 1842 768 amor,
1864 731 1901 759 et
1929 735 2012 772 quae
2040 736 2085 758 ex
2109 723 2162 759 eis
2188 723 2416 769 efficiuntur,

1429 783 1567 818 scilicet
1595 783 1748 819 scicntia
1776 790 1814 818 et
1837 782 2031 831 sapientia.
2061 785 2136 818 Nec
2153 780 2230 829 jam
2260 790 2419 831 possunt

1427 842 1646 879 altrinsecus
1668 841 1815 878 tractari
1840 841 1896 876 vel
1920 840 2071 888 cogitari
2094 853 2178 889 quae
2199 839 2276 888 jam
2299 854 2416 877 unum

1427 901 1591 937 etunius
1606 900 1835 951 operationis
1847 913 1889 936 ac
1910 899 2058 936 virtutis
2076 907 2180 944 sunt,
2197 901 2287 936 etin
2305 913 2417 937 sensu

1429 961 1686 1009 intelligentis,
1704 969 1740 997 et
1759 961 1795 997 in
1812 959 1949 1009 gaudio
1969 959 2138 995 fruentis.
2158 960 2337 1007 Quamvis
2356 972 2418 996 er-

1429 1033 1475 1068 go
1497 1019 1781 1068 distinguendus
1802 1020 1848 1056 sit
1863 1019 1956 1055 alter
1973 1017 2019 1054 ab
2037 1019 2174 1063 altero,
2192 1026 2314 1054 tamen
2331 1031 2416 1054 cum

370 1090 476 1126 :eque
496 1077 701 1127 proliciunt
719 1085 756 1113 et
776 1077 988 1126 spirituales
1010 1077 1046 1112 in
1067 1077 1221 1122 humili,
1247 1086 1283 1113 et
1303 1078 1362 1112 in—
1382 1083 1409 1116 Β
1430 1080 1480 1115 sic
1503 1092 1540 1114 se
1562 1092 1619 1115 res
1639 1079 1836 1123 obtulerit,
1853 1087 1889 1114 et
1907 1078 2127 1126 cogitandus
2145 1086 2183 1114 et
2204 1078 2419 1115 tractandus

370 1138 551 1186 cipientes
568 1136 604 1172 in
623 1135 786 1171 sublimi.
809 1138 853 1171 Et
870 1135 947 1171 liaec
967 1144 1053 1171 sunt
1069 1137 1245 1172 cellarum
1264 1135 1360 1172 bene

371 1196 627 1233 ordinatarum
659 1203 785 1230 sancta
818 1195 1062 1239 commercia,
1093 1195 1214 1231 studia
1242 1208 1359 1231 vene-

372 1255 509 1301 randa,
541 1255 616 1290 otia
644 1254 854 1302 negotiosa,
875 1254 979 1301 quies
1006 1267 1180 1303 operosa,
1203 1254 1362 1290 ebaritas

371 1315 562 1359 ordinata,
584 1321 716 1349 mutuo
738 1313 774 1348 in
799 1313 947 1348 silentio
970 1312 1039 1348 sibi
1060 1313 1245 1361 colloqui,
1268 1322 1303 1349 et
1324 1314 1361 1349 in

372 1373 539 1410 absentia
565 1371 612 1408 ab
633 1371 790 1406 invicem
815 1384 853 1406 se
881 1370 926 1406 ad
954 1371 1111 1406 invicem
1134 1372 1250 1419 inagis
1272 1372 1361 1416 frui,

372 1433 556 1480 prolicere
574 1430 620 1466 de
642 1430 800 1465 invicem
822 1444 829 1464 ε
851 1437 887 1465 et
909 1442 992 1464 cum
1015 1442 1054 1464 se
1074 1442 1150 1464 non
1174 1429 1303 1466 vident
1319 1430 1365 1466 ad

368 1491 530 1526 invicem
544 1518 553 1534 ‚
571 1489 608 1524 in
627 1488 699 1523 alio
718 1487 847 1522 videre
868 1486 972 1535 quod
992 1486 1216 1523 imitandum
1234 1496 1310 1533 est,
1324 1489 1361 1524 in

368 1563 406 1585 se
439 1549 529 1598 ipsis
554 1547 706 1583 nonnisi
731 1545 834 1594 quod
861 1545 1027 1582 flendum
1054 1555 1121 1582 est.
1151 1548 1230 1594 Ego
1249 1560 1360 1591 vere,

367 1608 462 1644 sicut
493 1606 583 1642 dicit
612 1605 814 1649 Jeremias,
852 1610 914 1640 vir
944 1607 1074 1640 videas
1099 1615 1361 1653 paupertatem

370 1679 489 1701 meam
506 1672 530 1710 ¹,
552 1677 636 1700 cum
658 1664 797 1701 alienas
820 1663 968 1699 divitias
990 1672 1192 1713 computo,
1220 1665 1257 1700 in
1278 1679 1361 1701 me-

367 1725 527 1774 metipso
544 1722 725 1760 erubesco
739 1750 748 1767 ‚
766 1730 803 1758 et
823 1722 970 1771 suspiro
984 1751 992 1767 ‚
1011 1723 1099 1770 quia
1118 1723 1222 1772 quod
1243 1732 1361 1760 tracto

367 1785 404 1820 in
425 1784 567 1829 alieno,
586 1783 734 1818 mallem
755 1782 918 1830 experiri
938 1783 975 1817 in
995 1783 1165 1832 proprio.
1188 1786 1242 1819 De
1263 1783 1360 1820 duo-

1427 1139 1496 1174 erit
1516 1139 1610 1174 alter
1630 1152 1714 1174 cum
1743 1139 1880 1183 altcr0,
1899 1145 1936 1173 et
1962 1137 1999 1172 in
2020 1137 2150 1173 altero.
2181 1136 2277 1183 Quia
2305 1150 2415 1186 ergo,

1426 1197 1521 1233 sicut
1537 1197 1614 1245 jam
1637 1211 1748 1246 supra
1769 1197 1909 1233 dictum
1927 1196 2021 1241 est⁴‚
2040 1195 2357 1244 quemadmodum
2380 1197 2417 1233 in

1429 1258 1598 1306 prosectu
1620 1257 1829 1305 religionis,
1850 1264 1966 1292 status
1988 1255 2155 1291 animalis
2178 1254 2303 1303 vigilat
2322 1255 2421 1291 circa-

1429 1329 1566 1365 corpus
1581 1325 1618 1352 et
1634 1316 1824 1352 hominem
1845 1315 2068 1351 exteriorem
2088 1313 2390 1363 componendum
2407 1343 2416 1361 ,

1430 1383 1467 1410 et
1485 1375 1690 1423 aptandum
1709 1374 1833 1411 studio
1854 1373 2022 1418 virtuti53
2040 1373 2090 1409 sic
2111 1373 2302 1409 rationalis
2322 1373 2419 1409 circa

1431 1434 1596 1469 animum
1615 1447 1723 1482 agere
1741 1433 1869 1479 debet,
1887 1433 1945 1468 vel
1965 1432 2174 1468 faciendum
2198 1432 2227 1468 si
2248 1445 2323 1468 nen
2340 1440 2415 1477 est,

1429 1492 1487 1527 vel
1519 1492 1768 1529 excolendum
1795 1500 1833 1528 et
1856 1491 2107 1528 ordinandum
2129 1492 2157 1527 si
2183 1499 2239 1527 est
2264 1506 2271 1527 :
2294 1491 2418 1541 primo

1430 1550 1634 1588 videndum
1665 1559 1721 1587 est
1753 1550 1836 1599 quis
1863 1550 1922 1586 vel
1951 1549 2042 1598 quid
2073 1549 2119 1587 sit
2145 1549 2291 1586 animus
2315 1549 2415 1598 ipse,

1428 1622 1539 1658 quem
1569 1610 1663 1646 ratio
1691 1609 1911 1647 rationalem
1943 1609 2050 1654 facit;
2071 1607 2161 1657 quid
2190 1609 2270 1657 ipsa
2301 1609 2418 1656 ratio,

1428 1682 1510 1717 quae
1530 1670 1667 1705 animal
1688 1669 1846 1705 mortale
1868 1667 2039 1704 faciendo
2065 1667 2247 1704 rationale
2261 1696 2271 1713 ,
2294 1667 2418 1705 homi-

1428 1741 1512 1764 nem
1530 1729 1688 1777 perlicit.
1706 1727 1777 1765 Sed
1793 1727 1917 1776 primo
1933 1725 2134 1762 dicendum
2149 1734 2205 1762 est
2220 1726 2266 1762 de
2282 1726 2417 1764 anima.

1480 1788 1514 1824 4.
1535 1787 1671 1824 Anima
1687 1795 1741 1823 est
1763 1799 1821 1822 res
1837 1786 2082 1834 incorporea,
2103 1785 2257 1821 rationis
2278 1798 2416 1835 capax,

367 1843 437 1880 bus
452 1844 593 1892 quippe
610 1841 715 1877 malis
733 1840 963 1877 tolerabilius
977 1850 1031 1877 est
1047 1842 1149 1890 quod
1168 1856 1268 1880 amas
1286 1857 1361 1881 non
1383 1846 1409 1881 C
1429 1845 1655 1882 vivificando
1671 1845 1821 1894 corpori
1837 1843 2128 1880 accommodata.
2142 1847 2228 1881 Haec
2241 1844 2419 1881 animales

370 1903 499 1939 videre
513 1929 521 1945 ,
544 1913 655 1950 quam
676 1899 824 1945 videre,
845 1908 883 1935 et
909 1913 986 1936 non
1013 1899 1174 1947 habere3
1193 1903 1364 1950 quamvis

367 1975 443 1999 non
473 1961 524 1998 sic
553 1960 599 1996 de
625 1959 735 1995 bonis
761 1959 924 1996 Domini.
954 1962 1057 1997 Bona
1086 1961 1184 1996 enim
1209 1962 1362 1998 Domini

368 2020 516 2065 videre,
533 2031 657 2055 amare
671 2026 727 2054 est
743 2032 750 2054 :
768 2030 893 2054 amare
909 2030 1022 2064 vero,
1040 2018 1178 2056 habere
1196 2020 1364 2057 est.Ideo

371 2080 549 2125 nitamur,
570 2079 608 2114 in
638 2085 822 2126 quantum
852 2089 1052 2127 possumus
1082 2086 1124 2114 ut
1148 2078 1364 2126 videamus,

370 2138 536 2176 videndo
557 2137 809 2186 intelligamus
823 2164 832 2182 ,
855 2145 892 2173 et
909 2137 1151 2186 intelligendo
1171 2151 1361 2184 amemus,

370 2207 411 2235 ut
430 2197 591 2235 amando
608 2196 824 2233 habeamus.
850 2197 1029 2242 Domine,
1054 2210 1167 2246 super
1187 2197 1259 2234 hoc
1278 2206 1363 2234 ante

369 2267 404 2293 te
431 2270 544 2294 omne
566 2256 793 2293 desiderium
815 2269 939 2292 meum
952 2283 962 2300 ,
983 2264 1021 2292 et
1040 2256 1201 2306 gemitus
1220 2270 1325 2294 meus
1343 2270 1363 2294 a

369 2326 404 2352 te
423 2329 500 2353 non
518 2324 574 2352 est
591 2314 846 2352 absconditus.

734 2446 909 2484 CAPUT
938 2447 991 2485 11.

434 2558 482 2586 De
503 2553 640 2585 secundo
656 2558 736 2584 statu
754 2553 823 2583 vitm
842 2553 991 2594 religiosa?
1004 2577 1011 2589 ,
1033 2553 1062 2583 id
1079 2559 1124 2584 est
1144 2554 1295 2586 rationali.

422 2675 457 2710 3.
476 2676 532 2709 De
554 2671 705 2708 animali
729 2684 820 2708 vero
845 2679 943 2707 statu
970 2679 1205 2709 transeuntes
1231 2673 1276 2709 ad
1299 2687 1360 2711 ra-

367 2731 567 2775 tionalem,
591 2738 631 2766 ut
655 2730 701 2766 de
721 2730 896 2767 rationali
917 2738 1147 2768 transeamus
1171 2731 1218 2768 ad
1244 2733 1358 2781 spiri·

369 2792 504 2827 tualem
522 2789 734 2835 tractando,
751 2798 788 2826 et
802 2789 944 2825 utinam
962 2791 1218 2839 proficiendo:
1235 2792 1358 2841 primo

365 2850 459 2886 scire
480 2847 660 2884 debemus
676 2848 763 2897 quia
781 2848 970 2897 Sapientia
982 2875 991 2893 ‚
1008 2849 1101 2885 sicut
1119 2849 1155 2886 in
1174 2849 1270 2886 libro
1288 2864 1358 2887 no-

367 2908 478 2944 minis
498 2906 579 2955 ejus
598 2907 744 2955 legitur,
759 2917 1002 2955 praeoccupat
1011 2922 1070 2944 eos
1087 2913 1205 2956 quise
1224 2924 1358 2946 concu-

361 2972 510 3014 piscunt
520 2994 529 3008 ,
548 2975 582 3001 et
595 2969 752 3001 occurrit
767 2969 818 3000 εἰς
830 2994 841 3010 ,
859 2975 895 3001 ec
908 2970 1069 3003 ostendit
1079 2981 1118 3003 se
1133 2970 1169 3003 in
1189 2973 1263 3005 viis
1281 2974 1358 3005 sais

365 3026 574 3069 hilariter’,
598 3024 695 3060 sicut
717 3024 753 3059 in
776 3025 1029 3073 proficiendo,
1051 3027 1102 3064 sic
1124 3036 1161 3063 et
1178 3027 1214 3064 in
1237 3029 1357 3065 medi-

1431 1905 1623 1941 constituit
1642 1904 1835 1947 homines,
1857 1915 1941 1951 quae
1961 1902 2082 1938 carnis
2104 1910 2191 1938 sunt
2211 1903 2416 1951 sapientes,

1431 1963 1600 2000 sensibus
1617 1963 1787 2013 corporis
1802 1962 2038 1998 inhaerentes.
2055 1964 2146 2008 Quae
2162 1959 2224 1996 ubi
2245 1961 2419 2011 perfectae

1432 2023 1585 2061 rationis
1603 2022 1731 2072 incipit
1751 2034 1849 2066 esse,
1872 2033 1949 2056 non
1978 2028 2121 2056 tantum
2141 2032 2278 2068 capax,
2298 2019 2363 2057 sed
2383 2029 2420 2057 et

1429 2084 1642 2133 princepsa,
1657 2082 1837 2118 continuo
1850 2079 1997 2116 abdicat
2012 2092 2032 2115 a
2046 2092 2083 2115 se
2095 2091 2233 2115 nomen
2244 2077 2261 2101 b
2273 2080 2420 2128 generis

1430 2143 1619 2188 seminini,
1638 2150 1675 2179 et
1693 2141 1854 2178 efficitur
1873 2140 2020 2176 animus
2037 2138 2225 2188 particeps
2240 2139 2416 2184 rationis,

1430 2202 1595 2250 regendo
1617 2200 1769 2250 corpori
1797 2198 2120 2244 accommodatus,
2145 2198 2204 2235 vel
2233 2210 2271 2234 se
2296 2198 2419 2247 ipsum

1430 2260 1570 2298 habens
1599 2260 1763 2309 spiritus,
1782 2257 1970 2306 Quamdiu
1991 2257 2090 2293 enim
2108 2256 2231 2293 anima
2253 2264 2328 2302 est,
2347 2257 2420 2293 cito

1427 2320 1464 2356 in
1484 2319 1520 2355 id
1539 2319 1640 2368 quod
1660 2319 1806 2355 carnale
1826 2325 1898 2362 est,
1912 2316 2172 2353 effeminatur:
2189 2316 2335 2352 animus
2351 2329 2418 2353 ve—

1429 2392 1470 2415 ro
1501 2379 1557 2415 vel
1587 2378 1758 2428 spiritus,
1789 2376 1939 2412 nonnisi
1960 2375 2064 2424 quod
2083 2374 2189 2411 virile
2211 2383 2267 2411 est
2286 2383 2323 2410 et
2343 2376 2422 2425 spi-

1429 2438 1559 2475 rituale
1586 2437 1801 2473 meditatur.
1833 2434 1992 2484 Spiritus
2013 2433 2112 2470 enim
2138 2432 2355 2470 hominibus
2380 2434 2418 2470 in

1427 2499 1596 2548 appetitu
1613 2497 1702 2534 boni
1722 2496 1867 2534 subtilis
1888 2502 1924 2530 et
1943 2493 2102 2530 efficacis
2120 2501 2263 2529 naturae
2282 2493 2416 2529 condi-

1429 2567 1505 2603 tus,
1520 2567 1556 2594 et
1573 2559 1609 2595 in
1627 2566 1704 2594 arte
1726 2555 1912 2592 creatricis
1931 2551 2120 2602 sapientiae
2137 2551 2241 2587 omni
2257 2564 2418 2601 corpore

1381 2620 1412 2653 D
1432 2617 1576 2663 melior,
1594 2616 1697 2653 omni
1711 2615 1821 2652 etiam
1838 2614 1920 2650 luce
1935 2624 2117 2661 corporea
2134 2609 2293 2646 lucidior
2305 2624 2346 2647 ac
2362 2610 2419 2647 di-

1427 2677 1548 2725 gnior,
1570 2676 1620 2712 ob
1640 2675 1840 2724 imaginem
1861 2671 2086 2715 conditoris,
2111 2678 2148 2706 et
2172 2669 2416 2719 capacitatem

1427 2734 1603 2779 rationis;
1627 2733 1718 2770 vitio
1747 2741 1871 2768 tamen
1896 2729 2054 2766 carnalis
2082 2728 2234 2777 originis
2254 2728 2417 2777 implici-

1428 2802 1506 2839 tus,
1529 2793 1671 2842 peccati
1692 2804 1822 2829 servus
1850 2789 2005 2825 effectus
2027 2796 2102 2832 est,
2123 2795 2160 2823 et
2185 2787 2355 2836 captivus
2375 2786 2415 2823 in

1424 2853 1503 2901 lege
1525 2852 1685 2902 peccati,
1711 2864 1795 2900 quae
1818 2857 1874 2886 est
1900 2849 1938 2884 in
1970 2846 2158 2883 membris.
2185 2849 2260 2882 Nec
2291 2854 2414 2883 tamen

1424 2911 1580 2947 omnino
1597 2910 1718 2946 amisit
1735 2908 1930 2945 arbitrium
1942 2936 1951 2952 ‚
1972 2907 2008 2943 id
2025 2915 2079 2942 est
2091 2905 2274 2954 judicium
2296 2906 2415 2943 ratio-

1424 2970 1482 3006 nis
1502 2969 1762 3018 injudicando
1782 2977 1818 3005 et
1839 2966 2109 3010 discernendo,
2131 2978 2344 3015 quanquam
2365 2966 2414 3003 li-

1423 3029 1607 3066 bertatem
1628 3042 1730 3065 suam
1754 3027 1918 3064 amiserit
1935 3028 1972 3062 in
1995 3025 2158 3062 volendo
2177 3033 2216 3062 et
2230 3024 2375 3074 agendo
2386 3032 2411 3062 ⁴⁷.

415 3168 424 3183 ¹
441 3161 558 3193 Thren.
574 3172 627 3198 ιιι,
648 3165 731 3191 1.-
747 3167 759 3182 ²
777 3164 848 3203 Sap.
865 3173 916 3199 νι,
943 3167 993 3194 lfa.
1010 3183 1052 3187 —
1068 3163 1082 3185 ³
1102 3166 1148 3196 Id.
1165 3177 1224 3203 vn,
1245 3169 1300 3197 24.
1318 3185 1361 3190 —
1378 3167 1391 3192 4
1412 3169 1510 3208 Supra
1525 3191 1532 3204 ‚
1552 3166 1606 3197 lib.
1627 3169 1654 3204 1,
1669 3176 1721 3196 nn.
1745 3168 1783 3196 14
1799 3189 1807 3201 ,
1831 3167 1881 3196 19.

412 3223 424 3236 “
440 3220 527 3251 Alias
541 3244 548 3256 ,
562 3219 726 3263 particeps.
744 3220 768 3257 ἦ·
783 3238 822 3241 —u
847 3214 861 3235 Ι)
875 3222 980 3258 Alias,
1000 3230 1118 3254 notam.
1138 3225 1161 3263 †

409 3278 421 3293 ἒ
436 3273 484 3303 Sic
498 3271 590 3302 habet
606 3271 830 3312 manuscriptus
844 3273 1036 3305 Montis-Dei
1053 3286 1059 3312 ;
1078 3276 1108 3305 in
1129 3277 1194 3307 aliis
1217 3277 1326 3317 legitur
1339 3278 1370 3308 in
1384 3276 1530 3320 eligendo
1544 3285 1573 3307 ιτι
1584 3275 1721 3320 agendo.
1739 3280 1841 3308 Homo
1856 3286 1928 3306 vero
1942 3276 2030 3306 istam
2044 3273 2156 3305 dicitur
2169 3273 2306 3305 amisisse
2320 3273 2409 3304 liber-

362 3332 453 3355 tatem
471 3324 667 3365 intelligendo
681 3348 688 3360 ,
708 3334 770 3355 non
787 3324 824 3355 de
844 3324 984 3357 libertate
1004 3334 1140 3365 natum-r,
1162 3329 1214 3359 sed
1231 3330 1335 3369 gratiae
1347 3354 1355 3368 ,
1375 3329 1524 3372 siquidem
1543 3330 1620 3361 infra
1637 3330 1749 3361 dieitur
1763 3328 1886 3360 liberari
1903 3329 2042 3359 xolumas
2062 3338 2116 3369 per
2132 3326 2327 3358 charitatem.
