2418 3949
96 203 164 240 741
702 204 986 241 TRACTATUS
1014 205 1079 240 DE
1108 204 1360 240 INTERIORI
1389 205 1539 241 DOMO.
2071 203 2146 239 742

92 279 346 329 cognitionem
360 280 444 317 Dei.
462 282 677 330 Agnoscere
695 292 734 316 se
755 279 867 317 debet
882 280 1017 326 homo,
1034 278 1137 316 ad⁵⁶²
1146 288 1275 329 porta,
1295 280 1375 318 haee
1402 282 1518 327 scala,
1541 281 1601 318 hic
1620 282 1797 319 introitus
1811 310 1821 328 ,
1848 282 1918 319 iste
1941 293 2116 319 ascensus
2134 296 2142 317 ε

88 351 173 388 quae
188 337 288 375 bona
308 339 355 375 sit
375 339 598 375 naturaliter
610 338 847 388 promptior,
864 339 923 375 vel
936 338 983 374 ad
997 351 1081 387 quae
1096 345 1128 378 A
1144 341 1212 376 hac
1225 340 1388 377 intratur
1405 341 1450 377 ad
1470 341 1619 387 intima,
1637 342 1705 378 hac
1725 342 1895 378 elevatur
1915 341 1962 378 ad
1984 354 2140 378 summa.

87 398 184 434 mala
212 398 442 448 proclivior:
471 397 608 447 quibus
643 397 774 434 studiis
799 397 933 434 debeat
960 398 1077 434 vehe-

87 456 250 493 mentius
267 457 460 502 insistere,
489 465 620 493 contra
639 470 723 505 quae
741 457 838 493 mala
857 456 991 493 debeat
1016 457 1078 492 in-

87 515 246 552 stantius
269 516 423 565 vigilare
444 529 452 551 :
477 514 614 564 quibus
637 515 824 551 exercitiis
851 515 971 551 valeat
997 528 1076 550 me-

86 573 159 610 lius
194 574 437 624 promoveri,
477 573 614 622 quibus
645 574 744 610 vitiis
777 574 900 610 valeat
937 574 1080 611 facilius

85 635 278 684 corrumpi
299 649 307 670 :
330 633 470 683 quibus
489 633 609 682 culpis
632 632 842 682 subjaceat,
865 633 923 669 vel
942 631 1079 682 quibus

85 694 227 730 meritis
241 694 423 738 emineat,
440 702 477 730 et
493 693 584 742 quid
599 706 668 742 pro
687 693 744 728 his
763 706 884 742 poenae
899 693 958 728 vel
975 705 1077 742 prae-

84 752 149 788 mii
168 760 384 802 exspectare
405 751 540 788 debeat
564 766 572 788 :
603 760 785 801 quantum
804 751 972 800 quotidie
989 764 1077 801 pro—

83 811 199 856 ficiat,
215 811 274 848 vel
297 810 446 847 deficiat
470 825 478 847 :
501 823 584 846 cum
602 819 742 859 quanta
763 811 876 846 animi
896 811 1082 847 industria

85 878 225 919 satagat
251 870 439 918 praeterita
467 869 563 905 mala
593 870 703 914 flere,
735 870 933 918 przesentia
959 869 1079 906 decli—

82 941 190 974 nare,
225 928 350 965 futura
386 929 595 978 praevenire
627 941 635 963 z
667 941 750 964 cum
790 937 931 977 quanta
964 929 1078 965 animi

81 988 288 1024 constantia
313 988 462 1024 studeat
495 1000 670 1037 reparare
699 987 799 1024 bona
824 989 978 1035 amissa,
1007 1002 1079 1025 cu—

1144 398 1257 435 Vides
1291 408 1475 447 quantum
1510 400 1631 436 valeat
1661 400 1806 437 homini
1837 401 1947 450 plena
1976 400 2141 449 cognitio

1147 458 1226 494 sui?
1252 460 1306 493 Ex
1326 458 1396 494 hac
1420 459 1601 507 siquidem
1629 459 1779 508 proficit
1805 459 1852 495 ad
1884 459 2138 508 cognitionem

1145 516 1314 553 omnium
1329 518 1552 563 coelestium,
1570 518 1818 564 terrestrium,
1833 526 1870 554 et
1885 518 2134 554 infernorum.

1436 669 1609 707 CAPL'T
1637 669 1749 707 XXX
1756 669 1847 707 VII.

1147 802 1343 843 Propositum
1360 800 1537 843 poenitentis
1559 801 1597 832 de
1622 812 1654 831 se
1671 802 1737 843 ipso
1760 802 1926 833 diffidentis
1939 827 1948 841 ,
1972 810 2001 834 et
2021 804 2059 834 ad
2078 804 2136 835 Dei

1423 854 1660 886 familiaritatem
1677 855 1859 886 anhelantis.

1200 988 1262 1026 77.
1283 987 1383 1026 Scire
1404 988 1540 1024 vellem
1559 988 1678 1037 qualis
1699 989 1777 1037 ipse
1795 1001 1899 1034 sum,
1923 989 1988 1025 sed
2010 990 2071 1026 vix
2091 990 2137 1027 de

80 1047 221 1084 stodire
235 1055 272 1083 et
292 1048 541 1097 multiplicare
561 1060 742 1097 possessa.
762 1050 793 1085 O
816 1060 927 1097 quam
954 1061 1078 1084 neces·
1095 1051 1123 1084 Β
1143 1062 1201 1085 me
1218 1049 1301 1098 ipso
1319 1061 1409 1085 vera
1423 1048 1636 1085 discernere
1652 1062 1818 1098 possum.
1835 1054 1953 1086 Amor
1973 1063 2137 1100 namque

81 1107 175 1143 saria
203 1106 383 1143 discussio
403 1115 439 1143 et
455 1120 566 1156 quam
588 1106 758 1142 miranda
774 1107 1001 1155 speculatio,
1019 1116 1075 1144 tot

80 1166 195 1202 animi
211 1166 387 1212 virtutes,
410 1174 465 1202 tot
486 1165 567 1214 ejus
588 1166 895 1211 exercitationes,
917 1175 972 1203 tot
993 1166 1075 1215 ejus

79 1224 201 1262 studia
222 1225 280 1261 vel
299 1225 430 1261 merita
444 1237 522 1274 prae
539 1225 656 1261 oculis
672 1224 809 1261 habere
822 1253 831 1270 ‚
849 1234 885 1261 et
900 1224 1076 1274 hujusce—

79 1284 183 1321 modi
199 1284 511 1334 contemplationi
532 1284 671 1320 diutius
691 1284 894 1321 inhaerere!

135 1344 198 1380 76.
221 1343 414 1394 Suspende
435 1356 524 1392 ergo
541 1343 706 1380 animum
729 1352 833 1380 tuum
853 1343 899 1381 ab
919 1344 1078 1382 inferio-

83 1415 168 1439 rum
193 1415 341 1449 amore3
365 1415 412 1439 ne
436 1403 530 1439 forte
551 1402 597 1438 de
614 1402 838 1439 sublimibus
866 1403 1024 1452 ejectus,
1042 1412 1078 1440 et

79 1461 126 1498 de
143 1462 229 1498 loco
248 1461 452 1511 voluptatis
469 1475 489 1498 a
505 1462 661 1510 propria
674 1463 976 1511 concupiscentia
993 1462 1075 1500 abs-

80 1528 221 1558 tractus
252 1529 290 1558 et
322 1521 490 1566 illectus,
522 1529 610 1569 post
638 1522 960 1570 concupiscentias
995 1530 1074 1558 tuas

80 1588 163 1627 eat,
179 1589 218 1617 et
234 1594 349 1631 vagus
366 1581 429 1617 fiat
443 1589 480 1617 et
495 1581 677 1630 profugus
692 1593 806 1630 super
827 1589 975 1617 terram.
999 1585 1073 1621 De-

79 1640 214 1688 nique,
230 1640 262 1677 si
276 1640 382 1690 cupis
398 1640 556 1689 implere
579 1639 808 1675 dominicum
825 1649 1071 1690 praeceptum,

80 1699 186 1736 omni
213 1699 383 1736 custodia
408 1712 517 1735 serva
541 1712 607 1735 cor
637 1707 743 1735 tuum
767 1706 792 1735 ¹.
829 1700 952 1736 Nescit
973 1701 1072 1736 enim

78 1759 170 1809 quid
186 1759 232 1796 de
249 1760 382 1810 spiritu
397 1759 566 1810 angelico
581 1787 590 1804 ‚
609 1759 699 1808 quid
715 1759 761 1796 de
782 1760 921 1809 Spiritu
944 1760 1074 1797 divino

1140 1108 1328 1158 privatus,
1354 1121 1464 1157 quem
1496 1121 1583 1157 erga
1610 1121 1669 1144 me
1690 1108 1813 1157 ipsum
1848 1107 1992 1153 habeo,
2017 1110 2139 1146 aufert

1142 1168 1234 1204 mihi
1248 1180 1380 1203 verum
1391 1166 1578 1215 judicium
1594 1166 1640 1202 de
1654 1179 1711 1202 me
1726 1167 1821 1215 ipso.
1839 1165 1985 1202 Idcirco
2001 1179 2137 1215 parum

1143 1227 1232 1263 mihi
1249 1226 1362 1263 credo
1381 1226 1426 1262 de
1441 1238 1500 1261 me
1514 1226 1616 1275 ipso,
1633 1233 1675 1261 ut
1691 1233 1780 1274 pote
1796 1224 1939 1261 homini
1953 1226 2138 1272 mendaci,

1144 1286 1279 1322 timens
1299 1298 1368 1331 ne,
1389 1285 1418 1321 si
1436 1298 1495 1321 me
1515 1285 1638 1334 ipsum
1659 1283 1791 1332 judico
1805 1312 1814 1328 ‚
1839 1284 2042 1320 mentiatur
2062 1285 2137 1321 ini·

1143 1346 1265 1395 quitas
1288 1345 1356 1381 sibi
1381 1351 1406 1381 ².
1428 1345 1578 1382 Judicet
1602 1358 1692 1394 crgo
1719 1357 1778 1380 me
1807 1345 1893 1389 ille,
1923 1345 1982 1380 cui
2010 1345 2138 1381 omnia

1143 1404 1245 1440 nuda
1261 1412 1349 1440 sunt
1366 1412 1403 1440 et
1423 1412 1553 1453 aperta
1572 1417 1707 1453 :quem
1724 1404 1850 1439 fallere
1871 1416 1946 1439 non
1965 1417 2135 1453 possum,

1143 1464 1228 1512 quia
1246 1463 1428 1512 sapientia
1439 1471 1512 1508 est3
1530 1476 1597 1499 nec
1614 1463 1793 1511 effugere,
1809 1462 1895 1510 quia
1907 1461 2046 1511 ubique
2060 1471 2134 1508 est;

1140 1535 1263 1571 neque
1281 1534 1548 1571 corrumpere,
1568 1522 1655 1570 quia
1672 1520 1817 1569 justitia
1834 1529 1901 1557 est.
1925 1521 1990 1557 Ille
2013 1521 2138 1557 veniat

1139 1581 1186 1617 ad
1211 1594 1270 1617 me
1286 1609 1296 1626 ‚
1320 1580 1427 1630 cujus
1453 1581 1594 1617 deliciae
1623 1588 1713 1616 sunt
1742 1593 1821 1616 csse
1851 1593 1935 1615 cum
1959 1580 2042 1616 liliis
2062 1580 2137 1616 ho-

1141 1641 1285 1677 minum
1307 1639 1340 1687 33
1362 1642 1425 1690 qui
1447 1649 1518 1677 stat
1537 1640 1583 1677 ad
1604 1641 1740 1677 ostium
1760 1647 1796 1675 et
1817 1639 1962 1689 pulsat,
1983 1648 2138 1689 paratus

1141 1699 1298 1735 introire
1311 1728 1320 1745 ‚
1341 1700 1371 1736 si
1393 1700 1426 1735 ei
1445 1712 1630 1748 aperuero
1645 1698 1673 1734 4.
1690 1702 1809 1735 Intret
1829 1711 1918 1747 ergo
1938 1707 1974 1734 et
1999 1699 2138 1735 sancti-

1142 1760 1227 1795 licet
1249 1758 1319 1795 sibi
1339 1760 1614 1804 sanctuarium,
1637 1758 1817 1807 quoniam
1839 1766 1988 1794 sanctus
2006 1767 2082 1804 est,
2100 1767 2138 1796 et

79 1818 220 1855 sentire
239 1818 373 1855 debeat
387 1848 396 1865 ,
417 1819 483 1868 qui
498 1832 607 1856 suum
625 1819 731 1868 prius
747 1832 822 1855 non
848 1820 998 1869 cogitat.
1014 1821 1078 1857 Ni·
1095 1825 1122 1860 C
1142 1817 1296 1854 domum
1325 1817 1406 1867 ejus
1432 1818 1539 1854 decet
1559 1817 1782 1854 sanctitudo.
1807 1817 1998 1866 Exstirpet
2024 1818 2112 1854 vitia
2126 1847 2136 1863 ,

78 1877 130 1914 hil
151 1887 251 1915 recte
271 1879 479 1925 existimat,
497 1879 561 1928 qui
577 1892 615 1916 se
630 1879 753 1928 ipsum
771 1879 932 1928 ignorat.
953 1881 1075 1917 Nescit

79 1937 183 1986 quod
207 1937 276 1975 sub
304 1937 465 1988 pedibus
494 1939 570 1975 suis
593 1939 716 1975 omnis
747 1939 937 1975 mundana
957 1939 1074 1987 gloria

78 1996 293 2046 subjaceat,
319 1998 383 2047 qui
405 1998 632 2034 conditionis
655 2012 730 2035 suae
750 1999 970 2047 (lignitatem
996 2012 1073 2035 non

78 2065 223 2106 pensat.
243 2060 273 2095 Ο
303 2066 428 2094 custos
446 2057 592 2103 cordis,
615 2058 643 2094 si
673 2057 840 2093 nondum
859 2071 898 2094 es
914 2058 1074 2095 idoneus

77 2117 219 2153 intrare
243 2116 290 2153 ad
313 2125 348 2153 te
365 2117 487 2166 ipsum
502 2145 512 2162 ,
534 2116 728 2166 quomodo
751 2116 797 2153 ad
821 2117 883 2153 illa
904 2117 1073 2154 rimanda

78 2174 238 2211 idoneus
249 2175 320 2211 eris
340 2188 422 2224 quae
441 2184 527 2211 sunt
547 2176 663 2220 intra,
676 2176 734 2212 vel
750 2188 861 2224 supra
879 2175 1073 2225 teipsum?

77 2234 115 2270 Si
135 2233 294 2270 necdum
312 2234 447 2283 dignus
469 2247 507 2271 es
528 2235 667 2270 intrare
687 2233 969 2270 tabernaculum
991 2236 1072 2284 pri—

77 2306 202 2339 mum,
220 2307 294 2342 qua
315 2294 437 2331 fronte
464 2294 660 2343 praesumis
680 2294 825 2343 ingredi
848 2293 1071 2331 tabernacu-

75 2352 153 2388 lum
175 2352 379 2389 secundum
393 2382 402 2399 ,
426 2353 498 2389 hoc
518 2361 595 2398 est,
618 2353 655 2388 in
676 2356 809 2390 Sancta
826 2356 1070 2390 sanctorum?

75 2410 113 2447 Si
136 2410 306 2447 nondum
333 2411 457 2447 moliri
480 2419 588 2460 potes
614 2423 762 2460 gressus
781 2412 894 2457 altos,
918 2420 958 2448 ut
983 2426 1067 2449 cum

77 2470 242 2506 Domino
261 2474 369 2515 Jesu,
391 2471 448 2506 vel
472 2471 602 2507 saltem
629 2484 714 2507 cum
741 2474 871 2519 Moyse
892 2472 1071 2508 ascendas

76 2529 114 2565 in
137 2537 303 2565 montem
325 2531 536 2575 excelsum3
558 2543 632 2579 qua
649 2530 942 2579 praesumptione
960 2539 1070 2580 putas

1141 1878 1292 1914 ordinet
1319 1878 1588 1927 cogitationes,
1621 1885 1725 1914 sanet
1750 1876 1986 1922 affectiones,
2012 1890 2136 1913 mores

1140 1946 1356 1987 componat.
1381 1938 1511 1975 Nullus
1531 1938 1565 1973 ei
1585 1938 1621 1973 in
1642 1937 1768 1985 aliquo
1787 1937 1950 1982 resistat3
1972 1945 2011 1973 ut
2028 1937 2074 1973 sit
2096 1937 2135 1973 in

1139 2009 1232 2046 pace
1252 1997 1358 2034 locus
1378 1996 1460 2045 ejus
1480 1995 1506 2032 5.
1527 1996 1680 2033 [tinam
1700 1996 1827 2032 nullus
1850 1996 2046 2033 hominum
2073 2010 2136 2033 es-

1140 2065 1194 2092 set
1210 2069 1356 2093 mecum
1371 2056 1550 2101 exterius,
1571 2064 1612 2092 ut
1629 2056 1848 2092 familiarius
1863 2056 1967 2104 loqui
1983 2069 2134 2105 possem

1140 2128 1224 2151 cum
1245 2128 1289 2151 eo
1306 2115 1473 2151 interius.
1489 2118 1574 2164 Ipse
1592 2114 1691 2149 enim
1712 2122 1749 2149 et
1768 2122 1952 2150 secretum
1977 2115 2132 2162 quaerst,

1139 2183 1177 2210 et
1194 2175 1403 2210 solitarium
1424 2175 1549 2209 locum
1569 2173 1702 2221 diligit.
1727 2173 1880 2221 fugiam
1899 2186 1988 2221 ergo
2009 2173 2135 2209 homi—

1139 2247 1231 2269 num
1253 2233 1384 2269 solatia
1416 2241 1452 2268 et
1480 2232 1690 2280 colloquia,
1718 2239 1759 2266 ut
1781 2231 1819 2266 in
1840 2239 1984 2267 secreto
2010 2231 2135 2267 cordis

1138 2292 1210 2328 mei
1239 2296 1360 2328 Deum
1386 2291 1634 2327 habitatorem
1666 2288 1805 2325 habere
1837 2290 1990 2339 possim.
2017 2290 2134 2327 Valde

1138 2360 1261 2388 tamen
1289 2352 1440 2388 difficile
1469 2360 1523 2387 est
1543 2349 1590 2386 ab
1612 2349 1862 2386 exterioribus
1887 2349 1933 2386 ad
1956 2350 2134 2387 interiora

1135 2419 1299 2447 mentem
1324 2424 1501 2447 revocare
1516 2439 1524 2456 ,
1541 2418 1577 2446 et
1593 2409 1643 2445 ibi
1665 2422 1897 2458 permanere.
1918 2412 1994 2446 Nec
2011 2409 2135 2446 minus

1138 2471 1290 2507 difficile
1316 2479 1371 2507 est
1401 2471 1446 2506 de
1470 2468 1680 2506 visibilibus
1710 2468 1757 2504 ad
1783 2468 1983 2505 invisibilia
2017 2483 2135 2519 pene-

1139 2539 1257 2576 trare,
1287 2539 1324 2566 et
1352 2530 1389 2566 in
1419 2530 1491 2566 illis
1511 2529 1651 2565 diutius
1673 2528 1890 2564 consistere.
1918 2531 2021 2564 Dura
2046 2538 2135 2565 sunt

77 2588 205 2624 volare
220 2588 256 2623 in
273 2589 432 2624 coelum?
448 2589 555 2625 Prius
571 2589 649 2625 redi
667 2589 713 2625 ad
735 2597 770 2625 te
782 2618 791 2634 ,
809 2602 922 2638 quam
941 2591 1067 2627 rimari
1090 2601 1120 2634 Ι)
1137 2590 1215 2626 hcec
1229 2618 1237 2634 ‚
1255 2598 1292 2625 et
1313 2590 1473 2625 multum
1491 2587 1693 2632 laboriosa,
1713 2587 1776 2623 scd
1796 2587 1905 2623 valde
1927 2587 2131 2624 fructuosa.

77 2659 282 2696 praesumas
313 2660 397 2696 quae
423 2656 509 2684 sunt
537 2661 651 2697 supra
683 2656 729 2684 te.
758 2649 866 2685 Prius
885 2650 939 2685 sol
961 2658 1067 2687 ortus

78 2705 134 2742 sui
162 2705 326 2741 confinia
343 2705 517 2750 irradiat,
540 2719 651 2754 quam
673 2706 719 2742 ad
737 2707 868 2743 altiora
885 2721 1069 2745 conscen-

78 2764 152 2800 dat.
182 2764 348 2800 Primum
375 2778 465 2813 ergo
493 2772 548 2801 est
570 2773 610 2800 ut
630 2764 758 2802 redeas
790 2765 835 2801 ad
864 2774 898 2801 te
926 2767 1070 2816 ipsum;

77 2823 196 2859 intres
215 2822 261 2858 ad
286 2836 351 2859 cor
382 2832 511 2868 tuum;
538 2823 656 2860 discas
685 2824 869 2860 aestimare
897 2826 1069 2874 spiritum

80 2889 199 2917 tuum.
222 2882 373 2918 Discute
393 2882 483 2931 quid
509 2882 557 2918 sis
572 2911 580 2927 ‚
603 2883 693 2932 quid
721 2884 853 2930 fueris,
874 2885 965 2933 quid
992 2899 1071 2922 esse

80 2939 270 2985 debueris,
290 2941 380 2989 quid
401 2955 479 2978 esse
497 2943 657 2991 poteris:
675 2943 765 2992 quid
784 2944 898 2980 fueris
914 2958 981 2994 per
1001 2959 1067 2981 na-

81 3009 222 3045 turam;
251 3000 341 3049 quid
374 3001 487 3037 modo
517 3002 565 3038 sis
590 3015 658 3051 per
677 3004 848 3052 culpam;
877 3005 966 3053 quid
990 3018 1069 3041 esse

80 3057 256 3095 debueris
279 3072 347 3109 per
368 3060 613 3107 industriam3
631 3062 719 3110 quid
743 3063 864 3099 adhue
887 3076 966 3099 esse
983 3077 1072 3112 pos-

81 3119 130 3155 sis
146 3131 213 3167 per
226 3119 396 3167 gratiam.
421 3120 529 3156 Disce
547 3133 594 3156 ex
613 3129 678 3157 tuo
694 3123 829 3171 spiritu
845 3136 1072 3171 cognoscere

80 3176 171 3226 quid
196 3176 332 3214 debeas
362 3177 408 3215 de
435 3179 515 3215 aliis
542 3179 737 3229 spiritibus
764 3181 959 3216 :estimare
987 3184 1072 3217 lire(-

132 3310 140 3324 ¹
158 3306 248 3335 Prov.
264 3314 309 3341 w,
328 3307 381 3336 23.
396 3323 432 3327 —
459 3310 471 3327 ²
490 3306 569 3337 Psal.
587 3317 684 3342 xxvi.
708 3311 757 3337 12.

1135 2653 1356 2685 Assuescam
1380 2649 1492 2697 igitur
1513 2648 1592 2684 sola
1615 2647 1747 2682 intima
1765 2647 1929 2695 cogitare
1944 2675 1952 2691 ‚
1976 2647 2054 2683 sola
2071 2648 2133 2684 in-

1138 2709 1277 2745 teriora
1296 2708 1451 2756 diligere
1468 2736 1476 2751 ‚
1507 2715 1543 2742 et
1565 2706 1602 2741 iu
1629 2706 1699 2741 illis
1723 2718 1964 2754 pertimuere,
1985 2715 2024 2741 ut
2045 2719 2134 2756 pos-

1138 2768 1206 2804 sim
1233 2767 1364 2803 audire
1385 2765 1476 2814 quid
1503 2765 1681 2813 loquatur
1699 2764 1734 2799 in
1755 2777 1812 2799 mc
1830 2764 2014 2800 Dominus
2033 2768 2134 2802 Deus

1139 2839 1257 2862 nietis.
1290 2830 1382 2862 Ecce
1403 2825 1532 2861 adsum
1551 2852 1559 2866 ,
1591 2823 1754 2872 piissime
1786 2823 1946 2859 Domine
1976 2838 1983 2859 t
2010 2832 2130 2860 tecum

1139 2899 1242 2929 sum,
1277 2886 1378 2920 intus
1399 2897 1493 2920 sum.
1520 2882 1706 2930 Quamdiu
1737 2882 1773 2918 in
1799 2882 2050 2919 exterioribus
2069 2897 2132 2919 oc-

1135 2954 1293 2995 cupatus
1323 2944 1372 2980 l'ui
1389 2973 1397 2989 ‚
1420 2956 1550 2978 vocem
1573 2951 1673 2978 tuam
1697 2942 1792 2978 iutra
1817 2956 1874 2978 mc
1898 2942 2029 2978 audire
2056 2957 2132 2979 uon

1138 3005 1256 3055 potui.
1285 3007 1392 3039 Nunc
1420 3010 1543 3037 autem
1576 3015 1748 3037 reversus
1769 3001 1814 3037 ad
1843 3014 1923 3044 mc,
1947 3003 2134 3050 ingressus

1139 3076 1220 3099 sum
1243 3061 1287 3097 ad
1313 3070 1366 3104 tc,
1391 3069 1429 3097 ut
1451 3061 1588 3109 possim
1617 3069 1651 3096 te
1681 3060 1832 3105 audire,
1860 3069 1893 3096 et
1918 3061 1983 3097 ubi
2015 3062 2130 3110 loqui.

1139 3126 1312 3169 Loquere
1330 3133 1433 3169 ergO,
1455 3120 1800 3156 misericordissime
1813 3149 1821 3165 ,
1837 3121 1923 3169 quia
1941 3120 2044 3156 audit
2061 3135 2135 3157 scr-

1140 3194 1208 3217 vus
1230 3190 1316 3217 tuus
1343 3195 1349 3216 :
1370 3181 1546 3229 loquere,
1575 3180 1662 3228 quia
1683 3188 1834 3229 paramus
1859 3193 1939 3216 sum
1966 3179 2130 3215 obedire.

842 3305 853 3327 ³
872 3310 962 3338 prov.
983 3319 1044 3337 vni
1062 3332 1067 3342 ,
1087 3311 1139 3338 31.
1220 3307 1232 3333 4
1252 3310 1351 3349 Apoc,
1370 3317 1418 3337 ιιι.
1455 3325 1483 3329 ·<
1500 3305 1512 3327 5
1537 3306 1614 3337 Psnl.
1636 3317 1731 3338 cxxv.
1753 3309 1782 3334 3.
