2504 3928
320 121 335 153 -'i
352 124 392 154 1¹.)

322 304 1354 317 ιιιιιιιιιιιιιιιιιιιιιιιιιιιιιιιιιιιιιιιιιιιιιιιιιιιιιιιιιιιιιιιιιιιιιιιιι

1048 122 1098 154 (ΣΙ
1122 121 1280 155 ultius·
1311 122 1649 155 (tixit'i't'stttxsts

2290 123 2308 156 si
2317 123 2364 157 20

1360 308 2362 321 =======================================================================

853 489 1238 577 LIBER
1328 485 1832 578 PRIMUS.

1095 744 1098 745 ⁷
1112 736 1549 756 *⁴⁴*—

702 899 877 936 CAPUT
910 900 938 936 l.

324 1021 554 1061 (Yongratulatio
575 1020 612 1049 de
633 1020 833 1050 innovatione
850 1020 977 1051 l'crvoris
997 1022 1130 1062 antiqua*
1148 1023 1313 1062 religionis.

385 1142 412 1176 l.
436 1138 626 1176 Fratribus
644 1137 689 1173 (lc
704 1139 939 1182 MontoDc-i,
961 1140 1141 1175 orientale
1167 1141 1291 1177 lumcu
1307 1170 1316 1186 ,

324 1207 359 1233 ct
374 1199 569 1246 antiquum
586 1197 686 1232 illum
706 1198 741 1232 in
758 1197 936 1245 religione
954 1199 1170 1247 iEgyptium
1189 1200 1315 1235 servo-

326 1270 402 1292 rcni
432 1255 596 1292 tencbris
624 1256 788 1290 occiduis
815 1263 852 1291 ct
883 1256 1082 1293 Gallicanis
1116 1257 1317 1305 frigoribus

325 1313 590 1355 inferentibus,
620 1313 705 1348 vitre
735 1313 874 1348 scilicet
903 1314 1075 1349 solitariae
1109 1315 1314 1363 exemplar,

323 1382 358 1410 et
375 1372 532 1409 coelestis
551 1372 708 1406 sormam
727 1372 1023 1407 conversationis
1035 1401 1043 1416 ‚
1065 1385 1265 1408 occurrere
1281 1381 1316 1409 et

323 1443 548 1467 concurrere
565 1430 689 1465 anima
706 1442 787 1465 nica
801 1430 962 1465 exsultat
984 1430 1020 1465 in
1038 1430 1175 1478 ,gaudio
1199 1431 1317 1467 sancti

326 1489 500 1538 Spiritus,
519 1496 555 1524 et
574 1488 649 1523 risu
671 1488 794 1524 cordis
814 1489 850 1523 in
874 1489 1020 1524 fervore
1036 1490 1183 1538 pietatis
1196 1518 1204 1534 ‚
1222 1498 1258 1524 et
1279 1490 1315 1525 in

324 1549 426 1584 omni
457 1547 638 1596 obsequio
665 1548 810 1583 devotae
837 1548 1054 1585 voluntatis.
1073 1548 1234 1595 Quidni?
1259 1558 1315 1584 ct-

323 1608 423 1643 enim
438 1607 581 1656 epulari
595 1607 632 1642 in
648 1607 813 1643 Domino
828 1616 863 1643 et
878 1607 1040 1656 gaudere
1052 1616 1214 1657 oportet,
1231 1609 1315 1657 quia

1318 904 1361 920 ²⁰¹
1383 903 1491 952 liujus
1514 903 1662 948 mundi,
1691 913 1724 938 et
1753 905 1917 937 revelasti
1945 915 1988 935 ea
2008 905 2173 948 primalis
2190 908 2212 936 ¹.
2245 903 2367 937 Nolae

1335 967 1364 998 Α
1383 977 1470 1011 crgo
1502 974 1642 1007 mna-rr,
1675 964 1835 1010 pusillus
1861 974 1975 1008 grex,
2000 961 2049 996 ait
2074 961 2277 1005 Dominus,
2303 961 2366 997 scd

1382 1021 1538 1056 omnino
1569 1019 1765 1062 confidite,
1788 1024 1875 1066 quia
1909 1021 2130 1065 complacuit
2157 1021 2232 1053 Deo
2263 1020 2371 1054 Patri

1382 1082 1471 1113 dare
1490 1078 1595 1114 rvoltis
1612 1091 1761 1126 regnum
1778 1083 1802 1111 ⁷.

1435 1139 1469 1174 2.
1497 1137 1646 1182 Videte,
1682 1138 1811 1172 fratres
1847 1135 1938 1179 inci,
1974 1134 2096 1170 videte
2133 1137 2367 1173 vocationem

1383 1205 1555 1232 vestram.
1572 1196 1643 1232 L'bi
1660 1196 1805 1244 sapiens
1825 1195 1922 1230 intcr
1945 1195 2040 1229 vos?
2060 1193 2122 1230 ubi
2141 1194 2285 1232 scriba?
2304 1196 2367 1233 ubi

1385 1256 1618 1303 conquisitor
1633 1255 1744 1303 hujus
1759 1254 1883 1289 sasculi
1898 1252 1933 1288 3?
1953 1257 2042 1289 Nam
2064 1253 2132 1289 ctsi
2152 1263 2237 1290 sunt
2256 1256 2368 1304 aliqui

1383 1314 1568 1362 sapicntcs
1585 1314 1682 1349 inter
1699 1326 1782 1357 vos,
1799 1325 1866 1360 per
1881 1311 2068 1360 simplices
2084 1320 2205 1348 tamen
2226 1314 2372 1363 sapien-

1384 1380 1438 1407 tcs
1460 1372 1697 1420 aggregavit,
1719 1371 1783 1419 qui
1815 1384 1918 1419 reges
1945 1371 2032 1406 olim
2061 1379 2098 1407 et
2123 1371 2370 1421 philosophos

1384 1430 1514 1466 mundi
1537 1430 1647 1478 liujus
1664 1443 1731 1479 per
1750 1430 1952 1478 piscatores
1973 1428 2043 1465 sibi
2063 1429 2233 1478 subjecit.
2256 1432 2371 1468 Sinite

1383 1502 1494 1537 crgo,
1520 1489 1629 1525 sinite
1652 1489 1836 1538 sapientes
1861 1488 1972 1536 liujus
1990 1489 2138 1534 saeculi,
2165 1488 2211 1525 de
2238 1490 2370 1539 spiritu

1383 1548 1494 1597 liujus
1511 1548 1639 1584 mundi
1657 1557 1856 1593 tumentes,
1873 1549 1945 1584 alta
1962 1548 2166 1597 sapientes,
2182 1557 2219 1585 et
2236 1557 2371 1586 terram

1383 1609 1584 1658 lingentcS,
1616 1608 1804 1657 sapienter
1839 1607 2066 1643 descendere
2096 1607 2132 1643 in
2167 1607 2369 1644 infernum.

324 1666 534 1701 cliristianae
551 1664 764 1701 devotionis
784 1678 825 1701 ac
844 1665 1033 1713 religionis
1049 1666 1319 1714 speciosissima
1336 1665 1363 1698 Β
1385 1672 1457 1704 Vos
1477 1676 1599 1704 autem
1614 1696 1622 1712 ‚
1653 1667 1740 1703 dum
1764 1667 1905 1703 foditur
1924 1666 2108 1715 peccatori
2130 1666 2254 1711 fovea,
2277 1668 2371 1703 sicut

325 1725 469 1772 portio,
492 1737 576 1772 quae
592 1724 708 1759 coelos
727 1724 980 1773 propinquius
998 1732 1148 1774 tangere
1164 1724 1318 1760 videba—

326 1791 398 1827 tur,
415 1790 561 1818 mortua
583 1790 683 1827 erat,
705 1791 742 1817 ct
769 1783 923 1827 revixit3
950 1783 1110 1831 perierat
1138 1783 1183 1818 de
1209 1797 1319 1818 iuun-

325 1842 395 1886 ‹lo,
421 1851 457 1877 et
479 1842 632 1877 inventa
652 1850 718 1877 cst.
751 1841 891 1877 Audita
921 1842 1021 1877 auris
1052 1842 1315 1887 audieramus,

324 1914 392 1936 nec
415 1899 658 1936 credebamus
679 1914 686 1935 ε
712 1899 928 1947 legebamus
947 1901 981 1935 in
1006 1899 1129 1942 libris,
1152 1909 1187 1936 et
1205 1901 1316 1936 mira-

324 1960 458 1995 bamur
479 1958 525 1994 dc
542 1959 696 2007 antiqua
718 1959 802 1994 vitae
820 1960 994 1995 solitariae
1015 1959 1131 2008 gloria
1145 1989 1154 2005 ,
1180 1969 1216 1996 et
1238 1973 1317 1996 ma-

324 2032 395 2066 gna
427 2018 463 2053 in
497 2030 540 2053 ea
569 2017 684 2066 gratia
714 2018 805 2060 Dci;
845 2031 929 2053 cuni
953 2017 1078 2054 subito
1104 2019 1316 2055 invenimus

324 2092 405 2114 eam
433 2080 468 2113 in
492 2078 632 2126 campis
659 2078 779 2122 silvae,
802 2078 837 2113 in
864 2086 992 2113 monte
1022 2080 1108 2123 Uei,
1132 2080 1167 2114 in
1191 2088 1316 2115 monte

326 2138 455 2185 pingui
478 2152 484 2171 :

327 2198 428 2240 serti,
442 2204 478 2231 et
492 2195 742 2231 exsultatione
756 2195 868 2230 colles
879 2196 1136 2244 accinguntur.
1150 2196 1204 2233 Ibi
1217 2197 1315 2232 enim

327 2255 436 2290 ctiam
455 2267 521 2304 per
540 2267 607 2289 vos
628 2254 739 2289 offert
758 2266 795 2289 se
813 2254 1007 2300 omnibus,
1029 2264 1065 2290 ct
1092 2255 1127 2290 in
1150 2255 1256 2291 vobis
1279 2268 1317 2291 se

326 2313 577 2357 demonstrat,
613 2321 649 2347 et
685 2312 812 2359 ignota
843 2312 1022 2348 hactenus
1054 2314 1250 2349 innotescit
1276 2315 1311 2349 in

328 2373 454 2422 paucis
472 2370 703 2420 simplicibus
716 2400 725 2415 ‚
746 2371 827 2419 ipso
844 2384 923 2406 cam
942 2371 1074 2407 vobisu
1101 2373 1290 2420 ingerente
1304 2400 1313 2416 ,

508 2136 570 2172 ubi
583 2136 660 2184 jam
680 2136 724 2171 de
745 2150 786 2171 ca
805 2137 1053 2185 pinguescunt
1072 2139 1239 2186 speciosa
1256 2138 1317 2173 dc-

1383 1727 1565 1776 coepistis,
1581 1726 1683 1762 stulti
1702 1726 1783 1761 facti
1802 1733 1959 1775 propter
1973 1728 2092 1761 Deum
2105 1752 2114 1769 ,
2132 1738 2199 1774 per
2215 1727 2369 1762 stultum

1383 1786 1476 1830 Dei,
1494 1785 1597 1833 quod
1618 1784 1823 1834 sapientius
1851 1792 1907 1819 est
1934 1782 2109 1819 omnibus
2129 1783 2345 1820 bominibus
2360 1813 2369 1829 ‚

1383 1844 1531 1880 Clu-isto
1565 1843 1659 1879 duce
1691 1843 1869 1879 humilem
1904 1841 2175 1891 apprehendite
2205 1841 2372 1891 discipli—

1384 1916 1468 1939 nam
1487 1902 1713 1939 ascendendi
1732 1903 1769 1937 in
1792 1902 1939 1938 coelum.
1958 1904 2088 1937 Vestra
2104 1913 2266 1950 namque
2279 1901 2372 1938 sim-

1382 1962 1527 2011 plicitas
1543 1961 1620 2010 jam
1643 1962 1779 1998 multos
1800 1968 1982 2011 provocat
2000 1959 2046 1996 ad
2068 1960 2344 1996 aemulationem
2363 1975 2370 1996 :

1382 2030 1504 2058 vestra
1515 2021 1825 2058 sufficientissima
1840 2029 1876 2056 et
1893 2020 2279 2069 altissimapaupertas
2291 2018 2370 2068 jam

1383 2081 1587 2116 multorum
1616 2079 1813 2116 confundit
1839 2078 2080 2127 cupiditatem
2100 2093 2107 2114 ι
2131 2086 2294 2115 vestrum
2312 2091 2371 2115 se-

1384 2147 1526 2175 cretum
1545 2139 1622 2187 jani
1651 2152 1776 2175 earum
1812 2151 1935 2174 rcrum
1967 2149 2050 2186 quae
2085 2137 2285 2174 tumultum
2319 2137 2372 2173 sa-

1386 2198 1510 2242 ciunt,
1531 2198 1589 2233 vel
1606 2197 1723 2233 facere
1739 2196 1927 2240 videntur,
1944 2194 2116 2244 pluribus
2133 2195 2266 2231 incutit
2281 2194 2371 2231 lior—

1385 2269 1520 2292 rorem.
1551 2257 1585 2293 Si
1618 2269 1692 2305 qua
1723 2268 1811 2303 ergo
1837 2255 2043 2291 consolatio
2073 2255 2110 2290 in
2139 2254 2308 2300 Christo,
2342 2255 2371 2291 si

1384 2315 1485 2364 quod
1506 2316 1678 2350 solatium
1696 2314 1902 2357 charitatis,
1925 2314 1951 2349 si
1980 2326 2053 2361 qua
2084 2313 2240 2349 societas
2262 2313 2372 2362 spir-i-

1385 2383 1461 2419 tus,
1483 2374 1511 2411 si
1534 2387 1606 2423 qua
1641 2374 1784 2409 viscera
1808 2372 2090 2417 miscricordiae,
2111 2372 2264 2420 implete
2282 2385 2370 2420 gau-

327 2433 390 2480 ‹pni
414 2433 448 2467 in
468 2431 596 2480 paucis
617 2430 848 2479 simplicibus
874 2439 992 2466 totum
1011 2431 1098 2467 olim
1119 2431 1187 2467 sibi
1214 2445 1318 2467 mun-
1336 2436 1362 2470 C
1385 2433 1486 2469 (lium
1523 2446 1597 2469 non
1631 2446 1754 2468 mcum
1785 2431 2064 2475 tantummodo,
2100 2430 2163 2466 sed
2200 2431 2369 2466 omnium

327 2491 415 2525 (luni
440 2489 615 2537 subjecit,
637 2488 719 2537 ipso
743 2488 885 2524 inundo
909 2490 1079 2525 mirante.
1100 2490 1202 2525 Licet
1219 2493 1316 2526 enini

329 2562 460 2597 inagna
481 2556 517 2583 et
537 2547 665 2583 divina
696 2549 807 2596 plane
841 2549 979 2584 suerint
1008 2549 1209 2594 miracula,
1235 2563 1318 2598 quae

328 2607 510 2643 Dominus
530 2607 641 2654 gessit
669 2606 704 2641 in
729 2606 859 2652 terris;
887 2607 957 2642 hoc
978 2615 1102 2643 tamen
1123 2621 1238 2644 unum
1261 2621 1318 2644 su<

327 2678 395 2714 per
416 2665 543 2701 omnia
570 2664 640 2699 alia
670 2664 823 2708 enituit,
849 2673 884 2700 ct
913 2673 1045 2701 caetera
1068 2674 1200 2702 cuncta
1229 2666 1316 2701 illu-

326 2724 476 2767 stravit,
498 2722 621 2771 quod,
644 2723 741 2758 sicut
763 2722 902 2758 dictum
925 2732 1001 2769 est,
1022 2724 1059 2759 in
1078 2725 1205 2773 paucis
1225 2724 1314 2760 sim-

327 2782 488 2831 plicibus
513 2789 631 2816 totum
665 2781 847 2816 mundum
878 2791 914 2817 et
945 2795 1095 2818 omnem
1126 2784 1315 2832 sapientiae

325 2841 406 2888 ejus
437 2839 673 2876 altitudinem
703 2838 770 2875 sibi
804 2839 1046 2888 subjugavit:
1070 2841 1173 2890 quod
1204 2842 1313 2878 etiam

326 2911 427 2934 nunc
460 2898 572 2947 coepit
607 2897 755 2946 operari
789 2897 825 2932 in
860 2898 978 2934 vobis.
1006 2902 1064 2934 Ita
1088 2902 1213 2944 Pater,
1236 2901 1311 2945 ita;

325 2961 500 3003 quoniam
523 2969 575 2990 stc
597 2955 863 3002 beneplacitam
892 2967 945 2992 est
965 2967 1052 2993 ante
1077 2967 1122 2992 le.
1148 2958 1313 2993 Abscon-

327 3016 413 3049 disti
449 3019 543 3048 enim
575 3014 655 3047 hcr’c
689 3028 711 3047 a
740 3015 968 3061 sapientibus
1003 3026 1037 3051 et
1068 3017 1312 3064 prudentibus

375 3145 380 3157 ¹
407 3138 519 3168 Manli.
537 3149 569 3167 xi
584 3162 590 3173 ,
611 3142 649 3167 20
664 3162 670 3171 ,
690 3143 741 3167 ’),.ἰ.
756 3158 795 3162 —
815 3143 912 3169 ²1⁴uc.
932 3151 1000 3172 xii,

370 3201 379 3210 ’“
407 3197 497 3231 ilias,
522 3195 617 3226 nnhi‹.
637 3195 659 3232 J·

1384 2492 1617 2540 diligentium
1636 2504 1772 2527 nomen
1792 2491 1945 2527 Domini
1964 2505 1971 2526 :
1993 2498 2033 2526 ut
2051 2490 2089 2525 in
2111 2489 2290 2526 varietate
2305 2501 2372 2525 ve-

1384 2552 1490 2587 stitus
1522 2551 1688 2587 deaurati
1720 2550 1765 2586 dc
1793 2563 1886 2586 auro
1924 2549 2115 2598 sapientiae
2140 2549 2209 2585 Dei
2234 2548 2370 2597 reginae

1384 2610 1587 2646 assistentis
1607 2623 1627 2646 a
1650 2609 1790 2645 dextris
1809 2609 1956 2658 sponsi,
1980 2616 2106 2644 vestro
2132 2607 2280 2652 studio,
2307 2620 2370 2643 ve-

1384 2678 1459 2704 stra
1481 2669 1652 2706 instantia
1666 2698 1674 2713 ‚
1699 2669 1743 2705 ad
1769 2669 1834 2704 Dei
1852 2668 2007 2717 gloriam
2022 2695 2031 2712 ,
2060 2675 2094 2703 et
2112 2679 2284 2716 magnam
2306 2679 2371 2702 co-

1385 2741 1514 2764 ronam
1529 2737 1687 2764 vestram
1700 2757 1708 2772 ,
1732 2737 1767 2763 et
1779 2727 1955 2776 gaudium
1973 2726 2141 2762 omnium
2156 2725 2343 2762 bonorum
2356 2754 2365 2770 ,

1383 2786 1453 2821 boc
1474 2795 1609 2822 sanctae
1639 2786 1814 2822 novitatis
1843 2786 2068 2822 instauretur
2088 2792 2365 2821 ornamentum.

1436 2844 1470 2880 3.
1491 2844 1700 2881 Novitatem
1726 2856 1816 2880 vero
1840 2843 1924 2879 dico
1951 2851 2106 2893 propter
2134 2842 2278 2892 linguas
2300 2854 2368 2878 ne-

1382 2915 1492 2951 quam
1513 2902 1556 2951 (a
1577 2915 1734 2951 quarum
1756 2902 2051 2938 contradictione
2073 2900 2279 2938 abscondat
2303 2913 2368 2936 vos

1382 2965 1482 2997 Deus
1503 2961 1537 2996 in
1558 2960 1780 2997 abscondito
1815 2961 1917 2996 faciei
1949 2959 2045 3009 suae)
2069 2959 2262 2995 hominum
2294 2959 2365 2994 im—

1382 3019 1550 3068 piorum;
1571 3019 1634 3067 qui
1662 3032 1744 3055 cuni
1781 3018 2014 3054 manili-stum
2047 3018 2172 3053 lumen
2205 3017 2369 3052 veritatis

1026 3144 1078 3171 δῖ).
1100 3160 1139 3163 -
1166 3140 1204 3171 31
1226 3145 1295 3172 (ior,
1319 3153 1349 3180 ¹,
1375 3146 1416 3173 20
1433 3167 1438 3176 ,
1459 3147 1512 3173 20.
