2418 3949
850 150 1523 241 GUILLELMI

316 403 495 433 ABBATIS
521 404 951 434 SANCTI-THEODERICI
976 403 1113 433 PROPE
1138 403 1304 439 REMOS,
1332 403 1493 432 POSTEA
1518 403 1717 433 MONACHI
1745 404 2052 441 SIGNIACENSJS,

997 564 1246 612 TRACTA
1256 565 1375 610 TUS

162 775 366 888 DE
455 774 1718 895 CONTEMPLANDO
1802 783 2180 899 DEO.n

493 1264 801 1302 PROOEMIUM.
1148 1266 1197 1285 ²³⁵

1159 1328 1283 1365 A'lide
1315 1328 1572 1366 subsisterem.
1605 1332 1744 1376 Quaero
1780 1329 1845 1366 ubi
1874 1331 2064 1369 inveniam
2096 1346 2210 1382 quem

204 1383 236 1420 1.
266 1385 311 1419 In
331 1382 415 1419 lacu
437 1382 615 1428 miseriae,
633 1390 671 1419 et
689 1383 727 1419 in
741 1382 822 1419 luto
838 1382 936 1419 faecis
948 1381 1028 1432 jam
1048 1396 1146 1435 pene

147 1443 449 1492 putrefactus,et
466 1442 503 1478 in
523 1442 613 1478 limo
630 1441 812 1492 profundi
832 1442 992 1489 infixus,
1012 1444 1049 1482 in
1067 1458 1145 1493 quo

148 1514 225 1538 non
244 1509 301 1538 est
315 1500 542 1547 substantia,
557 1501 603 1537 de
620 1501 820 1550 profundis
840 1501 1016 1538 dolorum
1037 1515 1145 1540 meo-

147 1573 233 1596 rum
250 1560 297 1597 ad
315 1569 351 1597 te
365 1561 506 1606 clamo,
523 1560 703 1606 Domine3
722 1560 899 1605 Domine,
917 1561 1055 1597 exaudi
1073 1575 1143 1598 vo—

146 1632 228 1657 cem
255 1633 389 1658 meam.
416 1619 608 1670 Siquidem
637 1619 676 1655 in
704 1619 887 1657 ultionem
916 1619 1047 1657 formae
1073 1629 1144 1658 tuae

146 1677 253 1729 (qua
286 1691 346 1715 me
377 1678 445 1716 tibi
477 1679 806 1723 conformaveras,
829 1681 984 1716 Creator
1016 1678 1117 1718 bone
1133 1709 1143 1726 ‚

145 1751 277 1775 creans
296 1751 356 1775 me
375 1738 423 1775 ad
439 1739 639 1788 imaginem
658 1746 696 1774 et
712 1738 995 1774 similitudinem
1017 1738 1145 1790 tuam)

144 1810 258 1846 quam
280 1798 429 1848 neglexi
449 1806 486 1835 et
505 1797 675 1848 perdidi,
696 1798 734 1834 in
756 1797 868 1846 liujus
889 1798 1048 1835 miseriae
1072 1799 1146 1835 sor-

144 1869 244 1892 mam
277 1869 351 1905 qua
378 1856 492 1893 miser
515 1869 597 1893 sum
613 1885 622 1902 ,
647 1856 866 1893 deformasti
894 1869 974 1902 me,
997 1865 1034 1893 et
1059 1870 1142 1893 cum

143 1916 342 1967 iniquitate
376 1916 612 1966 deprimente
640 1916 678 1952 in
708 1916 801 1952 limo
830 1916 975 1967 peccati
1004 1917 1144 1954 infixus

145 1988 230 2014 sum
254 1976 424 2014 inferius.
454 1976 617 2014 Posuisti
644 1989 759 2027 super
787 1989 846 2013 me
873 1990 1027 2013 manum
1050 1976 1143 2026 justi

1215 1269 1307 1318 quid
1336 1269 1421 1306 dico
1435 1298 1444 1316 ,
1462 1269 1646 1306 Invenio?
1664 1274 1746 1307 Jam
1767 1270 1798 1307 si
1821 1279 1855 1308 te
1875 1271 2102 1310 invenissem
2116 1301 2126 1319 ,
2150 1287 2214 1311 so-

1212 1386 1344 1423 dilexit
1359 1388 1484 1424 anima
1500 1400 1595 1424 mea.
1616 1388 1813 1424 Circumeo
1830 1388 1990 1426 civitatis
2005 1389 2119 1438 hujus
2138 1404 2213 1427 ma-

1210 1460 1293 1495 gnae
1307 1475 1316 1493 ,
1339 1448 1462 1484 saeculi
1487 1446 1602 1496 hujus
1621 1448 1737 1484 vicos.
1759 1449 1901 1485 Vivunt
1921 1449 1990 1486 sibi
2012 1451 2099 1499 qui,
2118 1452 2215 1488 sicut

1210 1505 1300 1543 dicit
1319 1507 1547 1556 Apostolus,
1571 1509 1733 1543 alienati
1748 1518 1832 1544 sunt
1851 1523 1876 1543 α
1899 1514 1980 1545 vita
2000 1513 2073 1547 Dei
2089 1518 2112 1548 ¹.
2134 1512 2216 1549 Cir-

1211 1577 1345 1601 eumeo
1365 1566 1526 1615 plateas,
1544 1567 1636 1602 latas
1653 1568 1779 1604 saeeuli
1796 1568 1895 1614 vias;
1917 1577 1954 1605 et
1977 1571 2104 1607 omnia
2129 1585 2214 1621 quae

1210 1622 1309 1660 intra
1335 1638 1394 1661 me
1424 1634 1533 1671 sunt,
1557 1626 1615 1661 vel
1639 1634 1745 1662 extra
1771 1640 1850 1672 me,
1869 1629 2013 1676 magnis
2041 1630 2213 1667 clamori-

1210 1679 1302 1726 bus,
1323 1682 1434 1718 certis
1456 1683 1597 1719 seilicet
1623 1683 1832 1720 rationibus
1860 1684 1906 1720 ad
1931 1685 2110 1724 interiora
2130 1701 2212 1725 mea

1212 1752 1271 1777 me
1306 1751 1509 1788 revocant,
1542 1743 1778 1780 testificantia
1803 1757 1847 1780 ex
1879 1752 1933 1790 te,
1956 1759 2113 1796 regnum
2142 1749 2212 1785 Dei

1211 1798 1311 1836 intra
1331 1814 1389 1837 me
1408 1814 1488 1838 esse
1503 1830 1512 1847 ,
1534 1810 1575 1837 ut
1591 1801 1692 1838 intus
1710 1802 1748 1838 in
1769 1802 1883 1839 cubili
1901 1804 2026 1841 cordis
2051 1814 2085 1842 te
2106 1820 2213 1855 quae-

1211 1871 1288 1894 ram
1303 1888 1312 1905 ‚
1347 1873 1458 1908 quem
1495 1860 1623 1897 exiens
1660 1869 1765 1897 extra
1799 1875 1875 1898 non
1909 1863 2078 1901 invenio.
2117 1869 2214 1903 Ecce

1209 1920 1310 1955 intus
1335 1932 1430 1955 sum.
1461 1921 1695 1957 Annuntiate
1725 1921 1841 1967 mihi,
1873 1924 1999 1960 onmia
2032 1924 2212 1962 interiora

1210 1989 1306 2023 mea,
1326 1991 1415 2014 num
1436 1991 1548 2028 quem
1570 1979 1689 2029 diligit
1706 1980 1830 2017 anima
1848 1994 1929 2018 mea
1947 1982 2116 2020 vidistis?
2135 1988 2212 2021 Re-

143 2043 181 2071 et
200 2035 339 2072 occulti
353 2034 488 2085 judicii
510 2035 581 2081 tui,
605 2043 840 2085 prementem
862 2048 977 2085 super
995 2048 1054 2072 me
1068 2065 1077 2082 ‚
1097 2049 1144 2073 ne
1162 2042 1189 2076 B
1209 2037 1447 2086 spondetque
1470 2038 1559 2074 milii
1584 2040 1770 2076 memoria
1792 2054 1874 2077 mea
1895 2056 1902 2077 :
1924 2045 2041 2079 Penes
2062 2057 2121 2079 me
2139 2052 2208 2081 est.

143 2107 349 2145 resurgam.
368 2098 444 2132 Nec
462 2095 502 2132 in
523 2096 626 2140 lacu,
648 2108 716 2131 nec
734 2095 771 2131 in
788 2095 867 2131 luto
882 2124 890 2140 ‚
910 2108 978 2131 nec
998 2096 1036 2133 in
1056 2096 1146 2133 limo

142 2151 411 2200 substantiam,
438 2154 622 2200 Domine,
650 2153 824 2199 invenio,
853 2153 913 2190 eui
941 2155 1082 2191 innitar
1106 2164 1147 2191 ut

141 2225 272 2249 exeam
285 2241 295 2260 ‚
312 2226 425 2262 quam
447 2212 733 2263 apprehendam
755 2221 797 2249 ut
816 2213 1004 2250 extrahar.
1026 2218 1147 2251 Lacus

141 2271 281 2308 inferni
309 2285 386 2309 non
416 2272 530 2309 habet
559 2271 741 2317 fundum,
771 2271 841 2308 nisi
873 2272 1146 2321 desperationis

140 2332 389 2383 profundum.
421 2336 562 2370 Lutum
596 2332 717 2378 faeeis,
745 2333 942 2382 corruptio
976 2342 1143 2380 natura),

140 2405 218 2441 quo
234 2405 385 2445 semper
398 2405 561 2442 mergar,
577 2391 710 2437 liabet3
732 2405 800 2441 per
813 2391 916 2441 quod
935 2405 1142 2443 resurgam,

140 2464 218 2488 non
240 2450 376 2499 habet;
393 2452 470 2489 imo
494 2452 655 2502 impedit
674 2459 710 2487 et
728 2450 881 2501 obligat.
904 2452 1033 2489 Limus
1051 2466 1144 2503 pro-

140 2510 270 2558 fundi,
307 2525 414 2549 amor
451 2513 594 2558 carnis,
625 2512 700 2548 ima
735 2524 886 2561 semper
917 2520 1075 2563 petens,
1108 2522 1145 2550 et

139 2569 428 2608 insatiabilitatis
461 2572 695 2622 profundum
713 2598 722 2616 ,
755 2570 860 2619 justo
893 2570 1041 2620 judicio
1078 2580 1143 2609 tuo

140 2637 243 2666 tenet
267 2644 326 2667 me
349 2631 520 2668 infixum.

192 2690 227 2727 2.
249 2691 339 2737 Sed,
356 2704 378 2727 o
392 2691 554 2728 Domine
566 2719 575 2736 ,
591 2689 749 2739 abyssus
766 2689 944 2739 abyssum
963 2690 1114 2727 invocat
1132 2707 1138 2728 :

137 2749 294 2799 abyssus
319 2750 623 2801 profundissimae
645 2750 802 2786 miseriae
827 2764 938 2796 mere,
959 2750 1136 2799 abyssum

1213 2096 1311 2141 Ubi,
1337 2097 1521 2147 inquam?
1548 2102 1603 2134 Tu
1634 2099 1734 2136 enim
1760 2113 1863 2138 mare
1889 2115 2090 2151 magnum,
2111 2104 2147 2139 in
2179 2113 2214 2140 te

1213 2156 1360 2206 reptilia
1379 2170 1541 2205 quorum
1561 2170 1638 2194 non
1658 2167 1713 2195 est
1727 2172 1929 2207 numerus,
1948 2162 2122 2199 animalia
2143 2177 2216 2213 pu—

1212 2215 1294 2251 silla
1325 2229 1410 2252 cum
1441 2217 1584 2265 magnis
1604 2223 1629 2253 ².
1662 2221 1744 2254 Non
1777 2220 1922 2268 inquit,
1943 2234 2028 2257 eum
2066 2224 2214 2272 reptili-

1212 2273 1282 2311 bus
1296 2303 1305 2320 ,
1328 2275 1387 2311 vel
1409 2275 1446 2311 in
1467 2275 1622 2313 homine
1643 2290 1730 2314 eum
1756 2292 1913 2328 quaeras.
1939 2279 2013 2318 L'bi
2034 2284 2150 2331 ergo?
2170 2286 2213 2320 In

1210 2346 1350 2371 amore.
1382 2334 1438 2371 lbi
1460 2344 1516 2372 est
1543 2336 1650 2373 sedes
1679 2336 1783 2386 ejus,
1806 2338 1858 2375 ibi
1882 2339 2097 2377 cubiculum
2119 2341 2211 2391 ejus.

1209 2395 1360 2431 Amoris
1376 2396 1533 2434 affectus
1547 2397 1584 2433 in
1601 2406 1636 2434 te
1657 2399 1875 2436 naturaliter
1890 2410 1957 2438 est.
1979 2406 2098 2449 Quem
2115 2416 2213 2452 quae-

1210 2452 1274 2498 ris,
1293 2453 1322 2489 si
1342 2453 1380 2489 in
1398 2467 1526 2491 amore
1549 2464 1613 2492 tuo
1631 2465 1708 2501 est,
1727 2457 1764 2493 in
1783 2466 1816 2494 te
1832 2467 1887 2494 est
1908 2474 1915 2495 ε
1936 2461 1965 2495 si
1983 2459 2033 2495 ibi
2050 2473 2125 2496 non
2143 2469 2211 2505 est,

1210 2512 1247 2549 in
1269 2521 1303 2549 te
1326 2526 1402 2550 non
1425 2523 1491 2551 est.
1511 2515 1582 2552 Sed
1599 2529 1712 2565 quem
1730 2517 1867 2565 quaeris
1882 2547 1890 2563 ,
1913 2532 1989 2555 non
2010 2534 2213 2568 quaereres,

1210 2571 1239 2609 si
1256 2585 1331 2609 non
1346 2586 1502 2610 amares.
1518 2573 1643 2610 lIabes
1658 2588 1746 2624 ergo
1758 2589 1870 2625 quem
1884 2579 2034 2626 (luseris,
2049 2588 2085 2615 et
2099 2593 2214 2628 penes

1210 2639 1244 2667 te
1266 2640 1332 2668 est.
1356 2633 1427 2669 Sed
1449 2646 1524 2669 non
1550 2647 1595 2670 eo
1618 2635 1773 2681 frueris,
1796 2636 1866 2672 nisi
1889 2650 1957 2685 ego
1983 2647 2105 2675 tecum
2135 2648 2212 2676 tota

1206 2691 1338 2728 adsim.

1259 2751 1293 2786 3.
1328 2751 1408 2786 Noli
1436 2764 1525 2799 ergo
1547 2765 1605 2787 me
1631 2752 1668 2788 in
1691 2754 1810 2790 aliena
1839 2755 2008 2792 dividere
2035 2766 2068 2793 et
2103 2758 2212 2794 ‹lissi-

137 2810 326 2847 altissimae
354 2810 623 2848 misericordia?
653 2820 736 2847 tuae.
757 2814 938 2859 Quaerens
959 2810 1137 2847 substan-
1158 2821 1185 2854 (j
1206 2822 1313 2859 pare,
1335 2818 1448 2845 totam
1466 2824 1523 2845 me
1541 2811 1584 2846 ad
1607 2820 1640 2847 te
1657 2812 1693 2847 in
1715 2827 1799 2849 eum
1815 2815 1948 2863 collige
1969 2830 1974 2850 ε
2000 2826 2033 2852 et
2059 2817 2213 2855 babebis

139 2868 226 2905 tiam
251 2869 311 2905 cui
336 2869 493 2916 innitar,
514 2883 626 2919 quam
659 2869 963 2919 apprehendam,
992 2871 1133 2906 nullam

136 2940 294 2977 usquam
315 2929 470 2966 invenio
489 2930 557 2966 nisi
576 2938 634 2975 te;
656 2930 721 2979 qui
738 2942 826 2965 vere
841 2938 943 2965 certa
961 2937 997 2965 et
1014 2930 1132 2966 solida

135 3001 174 3024 es
193 2988 400 3026 substantia
416 3019 425 3035 ‚
446 2990 598 3026 nonnisi
620 3004 665 3025 ex
689 2998 722 3025 te
750 2989 832 3038 ipso
853 2988 1059 3025 subsistens
1073 3019 1081 3034 ,
1113 3004 1132 3026 a

135 3059 212 3095 quo
239 3048 350 3085 etiam
378 3062 461 3098 quae
492 3058 597 3096 sunt,
623 3049 747 3085 omnia
776 3048 913 3084 liabent
936 3061 1027 3084 esse.
1060 3049 1130 3085 Sed

187 3180 195 3195 ¹
218 3174 393 3216 Ephesum
420 3180 471 3208 18.
487 3196 530 3200 —-
552 3183 563 3198 ²
585 3178 664 3209 l‘sal.
687 3189 763 3216 (2111,
785 3181 839 3208 21».

1205 2869 1352 2905 fruendi
1381 2871 1552 2918 copiam,
1575 2873 1795 2909 memoriam
1821 2874 2064 2912 abundantiae
2086 2878 2213 2913 suavi·

1201 2930 1284 2965 tatis
1315 2929 1395 2977 ejus
1426 2930 1639 2974 eructabis,
1661 2941 1696 2968 et
1724 2933 1758 2969 in
1782 2933 1926 2982 justitia
1946 2936 2026 2984 ejus
2046 2939 2208 2974 exsulta-

1200 2989 1266 3024 bis.
1292 2993 1371 3026 lmo
1395 2998 1482 3025 tota»
1505 2990 1781 3039 ingrediamur,
1804 3008 1826 3027 o
1852 2996 2032 3032 memoria
2055 3011 2154 3037 mea,
2176 3008 2206 3032 et

1199 3063 1328 3086 onmes
1346 3050 1564 3087 affectiones
1580 3066 1685 3098 mew,
1708 3053 1963 3101 ingrediamur
1983 3071 1989 3091 :
2010 3066 2042 3092 et
2065 3071 2208 3092 menw-

183 3241 196 3255 ὃ
215 3238 250 3266 ln
268 3235 453 3276 quibusdam
470 3237 698 3279 manuscriptis,
721 3236 809 3267 Liber
824 3236 1065 3281 ,ςινίιίωμιιιυγιιη
1084 3241 1114 3269 S.
1138 3238 1302 3269 ltcrmunlz.
