2504 3928
300 210 346 242 :323
1057 208 1345 242 ‹ulJJzntlu'l't
1380 208 1574 242 ARBA'HS
2293 200 2341 237 36

302 300 374 331 aym
389 293 394 305 ¹
408 315 414 322 .

448 290 542 334 Ergo
570 283 796 330 >urgendum
824 290 878 317 est
908 283 938 317 ei
967 283 1030 331 qui
1055 283 1090 319 in
1117 291 1292 319 montana
1315 281 1342 298 '⁰
1360 281 1510 330 Ubique
1538 289 1571 317 te
1597 281 1765 329 sequitur
1794 280 1938 315 curiosa
1966 278 2187 322 scrutatrix,
2212 286 2247 313 et
2277 290 2344 327 per

304 346 380 380 xult
407 359 490 380 cum
515 344 626 380 Maria
649 341 940 377 ‹·ous‹·emlere¹.
970 344 1009 377 l·'.t
1033 341 1210 391 prodigus
1235 341 1294 377 ille
1314 348 1340 380 Λ
1360 342 1525 389 singulos
1562 353 1718 390 operum
1755 347 1904 375 tuorum
1941 336 2078 386 gradus
2111 336 2340 382 discurrens,

304 404 399 439 lilius
420 404 455 439 in
477 417 514 437 se
536 414 706 438 reversus
726 414 732 435 t
755 403 922 447 Singara,
941 399 1080 449 iuquit,
1099 410 1134 436 e!
1149 403 1288 436 vadam

302 465 355 496 ml
373 472 518 510 putrem
549 475 681 496 mrum.
714 458 922 495 Prudenter
941 460 1194 506 :iit„s11rg111›1,
1218 459 1291 494 itu-

303 534 364 556 rus
385 522 429 556 ad
451 534 555 563 υιιιιι,
574 520 636 568 qui
658 520 692 554 in
710 519 809 554 artis
826 527 898 562 est,
919 522 1076 554 Patrem.
1095 517 1164 553 Sed
1184 518 1292 553 nimis

301 580 434 615 exilem
459 588 492 615 et
519 580 750 615 macilentam
777 591 881 627 spem
908 586 1126 627 reposuerat
1148 577 1184 613 in
1209 577 1290 612 sinu

302 651 369 673 ¹suu
382 666 390 682 ,
409 637 674 673 mercenariam
692 636 946 673 conditionem
968 644 1112 685 patrem
1137 643 1289 684 rogatu-

304 709 375 731 rus.
405 696 568 733 §lodeste
598 696 748 745 quidem
777 709 846 746 pro
874 696 1033 740 meritis,
1059 695 1122 731 sed
1149 694 1195 730 de
1223 707 1288 743 pa—

302 763 417 790 terna·
442 755 690 791 miserationis
709 755 814 804 copia
838 755 1025 791 humiliter
1041 754 1150 790 nimis
1170 761 1204 789 et
1226 752 1286 788 in-

296 812 439 860 juriose
453 814 636 857 sentiens,
657 827 742 850 vere
758 814 912 849 famelici
930 813 1022 849 dans
1037 813 1073 848 in
1089 813 1160 848 lioc
1174 811 1287 848 animi

304 872 483 909 indicium
506 882 542 909 et
565 873 686 909 inedia
706 873 876 909 confecti.
899 876 1044 915 Dicam,
1066 871 1209 920 inquit,
1228 874 1288 904 ei:

305 932 430 975 l'astr,
444 931 515 978 fac
537 946 594 967 tm·
612 937 707 967 ,sicut
727 945 838 967 uuum
860 933 905 966 (le
925 934 1158 966 merce-uariis
1177 933 1247 964 mis
1262 927 1288 963 ³.

300 992 383 1025 Non
404 991 502 1026 enim
525 999 673 1040 poterat
688 990 858 1039 jejunam
882 998 918 1026 et
939 1002 1101 1025 macram
1122 1001 1224 1037 spem
1245 986 1291 1023 ad

302 1047 443 1096 majora
461 1050 589 1098 porrig

292 1117 442 1155 pam-m
461 1123 592 1145 maemm.
607 1113 680 1145 Iste
694 1109 739 1144 de
751 1107 957 1158 quaerendo
974 1108 1023 1143 nil
1041 1114 1214 1142 movetur
1228 1118 1290 1154 pa—

302 1173 376 1209 tre,
401 1175 544 1203 tantum
562 1168 607 1203 de
626 1167 810 1203 flectendo
825 1167 1015 1203 sollicitus.
1039 1168 1130 1212 Qum
1153 1176 1289 1213 sponsa

298 1233 368 1268 est,
388 1235 487 1262 certa
505 1227 551 1263 de
569 1228 683 1277 gratia
703 1227 865 1276 postulat
880 1225 1113 1276 praesentiam
1130 1231 1286 1259 tautum.

299 1286 466 1334 Surgam,
487 1287 620 1335 inquit,
633 1296 667 1322 ec
683 1285 840 1322 circuibo
854 1290 1049 1328 civitatem,
1069 1293 1103 1319 et
1117 1296 1284 1331 qnoeram

299 1357 406 1390 quem
429 1347 547 1392 diligit
566 1341 695 1381 a'nima
716 1359 814 1388 nien,
839 1344 1097 1380 inventionem
1116 1342 1286 1379 sufficere

301 1412 490 1453 reputans.

354 1465 389 1500 5.
408 1464 499 1500 Vide
511 1464 539 1499 si
557 1464 681 1500 nonin
698 1460 1287 1513 praesentiliaecpossitobservari

298 1522 507 1567 distinctio,
525 1523 704 1571 quoniam
723 1522 839 1571 patris
855 1521 1023 1570 exposita
1041 1528 1145 1556 estet
1161 1528 1288 1569 parata

301 1582 444 1617 cunctis
465 1581 695 1629 indulgentia
714 1595 720 1616 :
744 1580 884 1616 deliciae
902 1592 993 1616 vero
1012 1579 1158 1628 fugaces
1178 1586 1214 1613 et
1232 1591 1292 1614 re-

302 1640 483 1686 conditae,
505 1648 541 1675 et
568 1639 730 1676 latibulis
754 1639 971 1688 gaudentes.
990 1638 1080 1674 Ideo
1097 1638 1158 1673 ille
1178 1637 1289 1673 dicit:

301 1703 454 1747 Surgam
469 1708 504 1734 et
518 1701 669 1735 vadam.
681 1699 747 1735 Illa
766 1711 855 1733 vero
869 1700 1041 1744 :Surgam
1057 1706 1092 1732 et
1109 1710 1290 1744 quoeram.

301 1759 473 1807 Denique
499 1767 534 1794 et
560 1767 666 1807 pater
691 1757 855 1793 occurrit
885 1756 1104 1805 poenitenti,
1133 1768 1293 1804 sponsus

592 1063 664 1085 ere.
686 1051 854 1097 Surgam,
875 1049 1013 1097 iuquit,
1031 1058 1065 1083 ct
1080 1049 1220 1083 vadam
1239 1047 1292 1080 ad
1310 1050 1336 1082 B

1356 400 1456 448 quod
1482 399 1552 435 lide
1577 407 1696 443 tenet,
1719 405 1878 433 conatur
1906 396 2166 433 transfundere
2187 396 2224 432 in
2249 396 2343 433 affe-

1355 467 1473 502 ctum,
1506 466 1542 493 et
1572 456 1799 493 admirandae
1837 455 2020 504 majestati
2055 455 2257 491 devotione
2285 468 2343 491 re-

1359 517 1557 567 spondere.
1599 516 1653 553 Ad
1696 514 1909 550 dilectionis
1947 513 2178 550 incentivum
2216 513 2341 549 omnia

1360 575 1548 623 Evangelii
1567 574 1792 610 documenta
1810 571 1961 608 deducit
1980 586 1987 607 ε
2008 580 2049 608 ut
2068 572 2104 608 in
2125 570 2262 621 quibus
2279 585 2344 607 ve-

1360 635 1503 671 ritatem
1534 634 1710 683 suscipit,
1740 632 1916 668 virtutem
1948 630 2153 680 persentiat
2170 630 2343 680 teipsum

1354 707 1532 743 sponsum
1555 707 1677 737 suum,
1692 693 1835 729 Christe
1847 696 1950 737 Jesu,
1965 691 2028 740 qui
2047 691 2142 727 vivis
2160 699 2196 727 et
2214 703 2345 740 regnas

1356 765 1422 800 per
1442 752 1567 788 omnia
1585 751 1720 788 saecula
1741 750 1977 787 saeculorum.
1999 753 2132 786 Arnen.

1355 870 2346 884 ιιιιιιιιιιιιιιιιιιιιιιιιιιιιιιιιιιιιιιιιιιιιιιιιιιιιιιιιιιιιιιιιιιιιι

1648 983 1898 1040 SERMO
1952 983 2048 1038 lV.

1356 1121 1487 1160 Surgam
1505 1122 1535 1146 el
1552 1114 1688 1146 circuibo
1707 1115 1858 1147 civitatem
1871 1139 1879 1151 ,
1900 1126 1960 1158 per
1976 1115 2065 1145 vicos
2086 1121 2117 1145 et
2126 1113 2254 1159 plateas
2267 1126 2349 1160 qme-
2384 1127 2385 1131 ¹

1401 1181 1466 1200 ram
1486 1181 1572 1213 quem
1586 1169 1692 1213 diligit
1705 1170 1807 1200 anima
1822 1180 1902 1199 mea.
1921 1168 2039 1200 Cantic.
2056 1178 2124 1211 cap.
2143 1179 2196 1207 ιιι,
2215 1174 2254 1205 JV.
2270 1172 2299 1200 2.

1747 1295 1751 1297 μ
1758 1289 1961 1303 -οοοοῡ-

1414 1406 1445 1440 l.
1478 1402 1663 1440 Circuitus
1692 1401 1760 1438 iste
1790 1414 1865 1437 non
1890 1409 1945 1438 est
1966 1400 2261 1450 pervagationis,
2282 1401 2347 1437 sed

1355 1461 1659 1511 investigationis.
1685 1465 1733 1497 At
1757 1460 1786 1496 si
1814 1469 1967 1509 vagatur
1991 1473 2074 1509 quae
2094 1459 2245 1505 circuit,
2270 1473 2345 1496 non

1359 1530 1538 1570 evagatur
1570 1528 1712 1565 tamen,
1739 1532 1814 1555 non
1837 1518 1984 1555 excedit
2008 1518 2188 1554 terminos
2215 1518 2347 1554 civita-

1360 1582 1426 1626 tis,
1448 1592 1524 1616 non
1550 1580 1631 1615 loca
1656 1591 1740 1627 quae
1763 1578 1920 1615 dilectus
1947 1577 2211 1628 perambulare
2236 1578 2345 1615 solet.

1360 1644 1402 1677 ln
1427 1639 1584 1675 circuitu
1604 1637 1792 1682 ambulat,
1813 1637 1877 1673 sed
1898 1638 1999 1673 intus
2017 1636 2184 1673 ambulat
2200 1650 2268 1687 per
2286 1638 2347 1674 vi·

1358 1712 1422 1735 cos
1451 1706 1487 1733 et
1514 1698 1656 1746 plateas
1682 1696 1851 1732 civitatis.
1880 1696 2069 1745 Sapientia
2097 1695 2195 1732 enim
2227 1696 2266 1732 in
2293 1696 2349 1733 his

1359 1758 1427 1794 viis
1444 1771 1482 1793 se
1500 1756 1664 1793 ostendit
1677 1756 1858 1800 hilariter,
1874 1763 1910 1791 et
1927 1756 1964 1791 in
1984 1754 2116 1804 plateis
2134 1754 2196 1791 dat
2217 1768 2346 1791 vocem

304 1832 342 1854 se
360 1818 533 1855 subducit
557 1818 736 1866 diligenti.
758 1816 1010 1853 Misericordia
1033 1816 1087 1852 sui
1108 1815 1296 1864 profusior
1316 1816 1343 1852 C
1363 1829 1479 1853 suani.
1495 1816 1585 1853 Ideo
1601 1816 1638 1851 in
1657 1816 1733 1851 istis
1751 1815 1901 1860 circuit,
1919 1816 2006 1863 quia
2025 1814 2131 1850 novit
2148 1812 2212 1850 ubi
2230 1814 2347 1850 soleat

303 1887 357 1914 est
371 1906 380 1921 ‚
401 1877 597 1913 delectatio
613 1876 772 1925 parcior.
791 1874 834 1912 Id
849 1883 971 1911 autem
991 1887 1066 1910 non
1084 1875 1291 1922 incongrue

303 1936 350 1972 al)
372 1945 532 1985 utroque
558 1935 721 1985 positum
750 1934 989 1982 intelligitur,
1005 1933 1108 1981 quod
1130 1932 1287 1976 dicitur,

301 2009 462 2044 surgam.
484 1999 567 2032 Non
596 1994 780 2044 permittit
809 2002 843 2029 tc
872 1993 1009 2029 Paulus
1034 2005 1117 2040 quae
1142 2003 1289 2027 sursum

302 2061 390 2089 sunt
409 2066 590 2102 quaerere,
603 2053 671 2088 nisi
690 2052 793 2101 prius
810 2051 1059 2087 resurrexeris
1070 2049 1097 2086 ⁴.
1115 2052 1199 2085 Non
1221 2061 1292 2097 po—

302 2121 355 2148 tes
370 2125 452 2160 quae
471 2125 618 2147 sursum
636 2119 723 2147 sunt
738 2123 888 2159 sapere,
907 2109 975 2145 nisi
994 2109 1097 2157 prius
1113 2108 1173 2144 illa
1188 2120 1293 2156 quae-

303 2173 418 2207 sieris.
439 2170 538 2219 Quid
552 2170 650 2205 enim
665 2177 720 2205 est
737 2169 796 2204 illa
812 2168 909 2203 bona
925 2181 1008 2216 quae
1025 2179 1171 2203 sursum
1187 2173 1288 2208 sunt,

303 2230 486 2273 invenire,
507 2229 574 2263 nisi
595 2228 759 2276 quodam
776 2226 983 2261 dulcedinis
997 2234 1033 2261 et
1049 2224 1290 2273 experientiae

304 2296 412 2335 gustu
438 2286 644 2336 persentire
669 2286 756 2320 illa?
773 2284 862 2320 Ideo
882 2292 1017 2319 cuncta
1036 2284 1239 2332 perlustrat
1255 2291 1291 2318 et

305 2354 510 2389 scrutatur,
535 2353 573 2380 ut
594 2343 695 2392 quod
715 2351 831 2388 amat,
848 2341 982 2378 alieubi
999 2342 1181 2390 degustet.
1204 2342 1293 2375 Sur-

304 2419 404 2455 gam,
432 2404 570 2453 inquit,
594 2412 629 2437 et
652 2402 808 2436 circuilu)
828 2406 1018 2445 civitatem,
1041 2413 1206 2448 (luteram
1225 2412 1296 2447 per

308 2470 408 2500 vicos
428 2472 462 2498 el
477 2465 641 2510 plateas,
665 2474 772 2508 quem
793 2462 917 2507 diligit
936 2464 1065 2494 (mima
1083 2471 1176 2493 mea.
1194 2458 1293 2493 Mul-

308 2532 385 2559 tum
407 2522 475 2558 sibi
502 2521 645 2557 fiduciae
667 2528 817 2555 sanctus
847 2532 953 2553 amor
973 2517 1139 2553 assumit.
1166 2520 1294 2563 Quan-

1358 1876 1410 1912 illi
1431 1875 1584 1912 uberior
1610 1887 1785 1910 occursus
1812 1887 1890 1910 esse
1911 1873 2047 1910 dilecti.
2073 1873 2261 1918 circuibo,
2285 1873 2345 1909 in-

1357 1936 1452 1984 quit,
1469 1947 1641 1982 quoerens
1652 1947 1724 1982 per
1738 1938 1839 1969 vicos
1852 1943 1886 1969 el
1894 1936 2055 1982 plateas.
2069 1936 2262 1982 Frequens
2279 1931 2345 1969 tibi

1359 2002 1429 2038 est,
1447 2007 1470 2029 o
1488 1989 1574 2029 felix
1591 1992 1728 2037 anima,
1747 1991 1828 2028 talis
1846 1991 2037 2036 circuitus,
2055 1999 2092 2027 et
2105 2003 2274 2028 accessus
2293 1991 2347 2027 fa-

1358 2052 1533 2097 miliaris,
1549 2058 1585 2088 et
1600 2059 1688 2087 nota
1702 2058 1790 2086 sunt
1807 2049 1873 2086 tibi
1892 2050 2019 2086 omnia
2035 2049 2194 2086 civitatis
2210 2048 2345 2098 hujus:

1357 2111 1533 2147 circuitus
1562 2118 1598 2145 et
1618 2121 1784 2145 recessus
1808 2108 1954 2154 intimi,
1979 2115 2135 2158 angusta
2158 2108 2347 2154 vicorum,

1357 2178 1393 2205 et
1419 2170 1491 2204 lata
1520 2168 1742 2216 platearum.
1769 2166 1985 2203 Introduxit
2013 2174 2048 2202 te
2073 2179 2137 2202 rex
2158 2165 2196 2202 in
2216 2167 2346 2203 cellam

1356 2227 1536 2263 vinariam
1557 2240 1564 2261 :
1591 2225 1775 2273 numquid
1796 2237 1872 2260 non
1897 2232 1934 2260 et
1958 2225 1995 2260 in
2016 2237 2148 2260 omnes
2174 2225 2269 2261 alios
2289 2238 2347 2262 se-

1358 2286 1535 2322 cretiores
1567 2285 1761 2321 recessus?
1787 2283 1920 2320 Omnia
1949 2283 2015 2320 tibi
2042 2291 2128 2320 sunt
2154 2292 2283 2333 aperta
2311 2293 2349 2321 et

1359 2345 1510 2394 pervia,
1533 2352 1569 2380 et
1590 2357 1658 2380 usu
1681 2342 1844 2391 quodam
1868 2342 1913 2378 ad
1934 2341 2082 2378 beatum
2108 2343 2207 2379 hunc
2227 2356 2346 2393 expe-

1360 2404 1475 2439 ditam
1502 2411 1536 2438 te
1559 2402 1674 2439 sentis
1694 2402 1902 2438 circuitum.
1926 2401 2017 2437 Ideo
2038 2414 2112 2437 non
2135 2403 2346 2449 cunctanti,

1360 2461 1425 2498 sed
1444 2461 1649 2497 confidenti
1675 2461 1803 2497 similis
1820 2460 1909 2496 dicit
1930 2474 1938 2495 :
1965 2460 2129 2496 Cir-cailan
2153 2463 2344 2499 civitatem.

1360 2523 1405 2556 Et
1432 2528 1613 2569 quantum
1644 2520 1803 2568 putatis,
1829 2519 1982 2565 fratres,
2012 2528 2195 2567 qnantum
2222 2520 2343 2557 solatii

310 2592 385 2618 tum
412 2582 508 2617 enim
533 2588 639 2629 putas
660 2577 853 2627 diligebat,
876 2591 958 2626 qua*
982 2585 1123 2612 tantum
1147 2588 1293 2624 praesu-
1310 2583 1341 2615 Ι)
1362 2580 1507 2615 confert
1540 2579 1698 2615 invisere
1732 2579 1878 2614 interim
1908 2586 1945 2614 et
1976 2577 2110 2614 crebro
2144 2587 2340 2616 conterere

307 2641 456 2677 ruebat?
479 2643 650 2686 Surgam,
678 2638 824 2685 inquit,
853 2646 888 2671 ct
914 2635 1069 2670 circuilu)
1100 2639 1291 2669 civitatem.

305 2705 387 2738 Non
413 2699 537 2734 veniet
558 2699 591 2733 in
613 2704 856 2745 conspectum
877 2704 996 2738 tuum,
1019 2694 1187 2738 Domine,
1210 2706 1293 2729 om—

308 2762 364 2796 nis
380 2758 587 2807 hypocrita.
602 2755 807 2793 Abscondit
823 2769 859 2790 se
877 2754 1010 2797 Adam,
1029 2767 1073 2789 ex
1091 2767 1167 2802 quo
1185 2752 1293 2788 bon-”e

309 2817 546 2854 consi-lentim,
564 2830 692 2851 ausum
713 2815 830 2850 amisit
850 2813 883 2858 f‘,
905 2822 939 2849 et
959 2813 1152 2848 inventum
1174 2826 1210 2847 se
1230 2813 1294 2848 do-

309 2879 396 2922 luit,
419 2877 480 2925 qui
505 2876 619 2920 magis
640 2887 807 2922 ‹luam-rc
829 2872 1022 2908 debuerat.
1040 2872 1109 2919 Qui
1132 2874 1214 2907 ficte
1235 2872 1293 2907 di-

309 2937 384 2983 tigit
399 2965 407 2980 ,
428 2934 517 2982 fugit
534 2941 775 2981 conspectum
800 2941 901 2966 tuum
923 2945 1030 2980 :quie
1048 2945 1136 2966 vero
1157 2944 1292 2979 sponsa

308 3002 362 3029 est
382 3002 415 3028 et
441 2992 630 3027 eharitatis
649 2991 773 3026 dotata
797 3003 970 3033 munere,
994 2991 1103 3025 etiam
1132 2990 1293 3038 fugitan-

310 3063 382 3089 tem
415 3053 628 3087 insectatur.
659 3054 742 3097 Quo
774 3048 865 3094 ibis,
892 3049 990 3084 bone
1018 3054 1129 3092 Jesu,
1154 3064 1173 3085 a
1203 3049 1292 3085 facie

307 3111 538 3148 xeliementis
565 3109 766 3145 desiderii?
788 3109 822 3144 Si
846 3109 1055 3144 ascenderis
1077 3109 1110 3144 in
1133 3109 1288 3153 culum,

307 3171 381 3206 illic
414 3178 465 3205 est
501 3183 507 3203 z
544 3169 570 3204 si
600 3167 837 3204 descenderis
869 3168 903 3202 in
933 3169 1144 3211 infernum,
1175 3169 1288 3204 adest.

355 3294 638 3324 ¹t‘s:.t.x1v1=‚¹›.
719 3299 726 3307 ’
747 3296 815 3322 tur.
844 3304 868 3322 ι,
889 3296 941 3321 Ἧι,

999 3292 1326 3325 .¹1‹¹.xx,1s,1fi.

1361 2652 1487 2688 gressu
1503 2640 1582 2674 loca
1604 2639 1639 2674 in
1658 2637 1794 2686 quibus
1811 2646 1907 2674 stare
1926 2636 2095 2673 solebant
2113 2637 2226 2686 pedes
2244 2637 2345 2686 ejus,

1360 2711 1470 2746 quem
1496 2697 1639 2745 diligit?
1659 2696 1789 2732 lNescio
1811 2709 1886 2744 quo
1906 2704 2015 2744 pacto
2038 2696 2138 2740 loca,
2154 2695 2190 2731 in
2210 2696 2347 2744 quibus

1361 2756 1497 2804 aliquid
1521 2755 1609 2791 boni
1628 2755 1769 2803 experti
1788 2768 1932 2799 sumus,
1951 2753 2206 2802 expressiusid
2224 2754 2344 2803 ipsum

1361 2815 1580 2863 imprimunt
1611 2813 1821 2855 int-movim,
1846 2823 1880 2848 et
1905 2826 1948 2848 ex
1978 2812 2110 2847 ordine
2130 2820 2214 2847 ante
2241 2826 2347 2849 men-

1362 2874 1406 2909 tis
1428 2873 1635 2922 depingunt
1662 2873 1790 2907 oculos
1806 2901 1814 2915 ,
1840 2880 1876 2907 et
1898 2871 1999 2919 quod
2017 2870 2094 2919 jam
2123 2871 2267 2919 experti
2289 2885 2347 2907 su-

1361 2946 1440 2968 mus
1466 2933 1501 2967 in
1533 2932 1638 2980 ipsis,
1663 2931 1795 2966 iterato
1824 2942 2026 2978 speramus.
2068 2932 2144 2977 Ego
2171 2929 2252 2965 loca
2277 2930 2346 2966 ista

1361 3005 1434 3027 non
1454 2990 1681 3040 corporalia,
1699 2989 1762 3024 sed
1779 2988 1985 3038 spiritualia
2009 2987 2253 3033 crediderim,
2275 3001 2345 3037 op-

1359 3061 1518 3100 portuna
1545 3050 1589 3085 ad
1612 3049 1744 3085 anim-‘e
1764 3048 2067 3084 exercitationem
2092 3047 2344 3095 spiritualem3

1359 3118 1556 3158 propterea
1572 3109 1606 3144 in
1625 3109 1679 3143 liis
1694 3108 1920 3156 accipiamus
1937 3105 2145 3142 circuitum.

1411 3169 1445 3204 2.
1479 3168 1663 3204 Circuitus
1693 3167 1759 3202 iste
1787 3175 1849 3202 aut
1884 3164 2154 3201 recordationis
2175 3173 2254 3210 est,
2281 3173 2343 3201 aut

1762 3290 1772 3310 '³
1789 3295 1867 3320 (ii-u.
1889 3302 1923 3319 ιιι
1940 3315 1946 3326 ,
1968 3294 1997 3319 8.

1414 3293 1553 3323 3('.‹¹l‹)*⁵.
1574 3305 1607 3320 ¹¹¹
1625 3317 1630 3322 .
1655 3296 1678 3321 l.
