2504 3928
375 219 467 254 1:307

374 306 428 331 est
458 294 625 331 custodia
656 295 888 330 monumenti
907 322 915 334 ,
941 294 1079 330 seilicet
1110 295 1396 332 olisei·vantiae⁶“

997 219 1158 254 SERMO
1190 221 1234 254 IN
1269 221 1410 255 FERIA
1444 222 1473 254 11
1508 221 1783 264 l'ASCllATlS,

1399 295 1411 311 ³
1429 297 1509 331 voci
1534 309 1609 331 sua}
1630 309 1758 331 vocem
1789 296 1950 341 virtutis,
1982 305 2020 332 ut
2051 306 2173 334 essent
2201 299 2278 334 liaee
2297 300 2407 336 vei-lm

2313 225 2324 258 l
2335 224 2409 259 :ios

371 356 556 402 regulares
575 354 739 389 claustri.
763 358 1047 389 Monumentum
1064 355 1161 391 istud
1183 356 1351 392 Cliristus
1373 362 1398 392 Λ
1420 355 1518 403 ejus,
1540 355 1634 390 sicut
1655 355 1809 390 malleus
1829 363 2027 391 conterens
2055 365 2221 405 petram,
2253 365 2289 392 et
2315 358 2407 393 sicut

369 428 440 448 nou
466 414 619 453 deserit,
649 414 710 461 qui
740 413 934 448 uobiscum
952 426 990 448 se
1008 415 1177 462 promisit
1193 428 1272 451 esse
1293 429 1355 451 us—

366 487 439 521 que
466 473 510 508 ad
537 473 896 508 cousmumationem
925 473 1048 508 szeculi
1075 488 1082 508 :
1110 481 1146 509 et
1175 482 1264 509 tune
1289 488 1355 509 nos

366 534 504 568 erimus
526 546 647 567 sceum
661 559 669 573 ‚
696 546 778 567 cum
811 545 879 567 nos
896 533 1083 580 acceperit
1101 533 1144 568 ad
1162 546 1199 569 sc
1218 533 1353 583 ipsum.

368 593 539 628 Mulieres
569 605 595 627 s«
637 591 767 627 dicunt
803 592 906 627 illum
939 604 1013 627 uon
1043 592 1256 638 invenisse,
1290 594 1354 630 sed

366 653 545 687 visionem
580 652 808 697 Angelorum
836 651 997 694 vidisse,
1029 652 1092 700 qui
1116 652 1243 688 dicunt
1268 666 1353 689 cum

365 713 511 755 virere3
535 712 681 759 quoties
701 723 892 747 versamus
913 711 948 746 iu
970 712 1256 759 cogitationibus
1286 726 1354 748 no—

363 771 467 812 stris,
489 771 574 818 quia
595 771 660 805 etsi
683 779 770 805 sunt
793 784 879 805 vere
903 770 1039 806 similes
1059 771 1207 819 Angelis
1227 772 1353 820 quide

363 830 422 865 die
446 830 480 865 iu
499 830 614 869 diem,
634 838 668 865 et
697 830 732 865 iu
753 839 862 866 nocte
880 829 1024 865 laudem
1048 831 1198 866 Domini
1216 831 1352 867 decan-

363 898 437 924 taut
457 889 492 924 in
511 889 633 931 terris,
654 888 744 924 sicut
769 889 820 923 illi
840 889 875 923 in
897 889 1017 933 coclis;
1036 902 1109 923 non
1132 897 1251 924 tamen
1270 902 1353 938 pos—

361 949 482 984 sident
505 948 661 996 gloriam
678 956 825 983 a²teruse
842 947 1083 983 beatitudinis
1103 961 1246 984 summa
1266 961 1353 984 san-

362 1009 487 1043 ctitate
522 1015 793 1042 consummata.
832 1008 1032 1042 Paululum
1050 1037 1059 1051 ,
1098 1008 1239 1056 inquit,
1272 1021 1352 1043 cum

1422 415 1534 462 iguis,
1565 414 1778 449 testimonio
1807 415 2016 450 Jei·cmiae².
2049 415 2170 451 Verba
2202 415 2283 464 ejus
2315 417 2410 453 sieut

1422 474 1516 522 iguis
1543 481 1580 509 et
1611 473 1785 517 malleus,
1816 482 1855 509 ut
1884 473 1929 509 de
1960 475 2045 522 igne.
2071 475 2244 511 ascendat
2266 476 2409 525 virgula

1423 533 1511 568 sumi
1530 545 1573 568 ex
1597 531 1828 568 aromatibus
1857 541 1894 568 et
1921 534 2076 582 pulvere
2097 534 2354 583 pigmentarii,
2373 543 2409 571 ct

1420 600 1590 627 conterat
1620 592 1785 628 malleus.
1806 591 1915 628 Libet
1948 593 2141 641 paululum
2175 594 2220 629 ad
2247 594 2410 630 suavita-

1422 660 1493 687 tem
1521 651 1684 688 liistoriae
1710 653 1846 689 mentis
1871 653 2000 688 oculos
2029 653 2219 689 inclinare.
2241 657 2337 690 Dum
2356 654 2408 689 in-

1421 718 1646 760 terpretatur
1663 711 1888 759 Scripturas,
1909 711 1997 747 dum
2024 712 2179 761 exponit
2196 715 2350 760 Moysen
2373 721 2409 747 et

1420 771 1644 819 Prophetas,
1670 770 1878 819 procedens
1901 785 1946 807 ex
1966 771 2081 820 ipsius
2101 785 2164 807 ore
2180 772 2271 807 mira
2289 772 2410 808 suavi-

1421 837 1474 865 tas
1493 839 1636 865 mentes
1656 831 1848 877 refrigerat
1873 844 2032 867 moerore
2053 840 2089 867 et
2108 831 2218 867 taedio
2239 840 2408 867 conster-

1421 899 1548 926 natas:
1571 889 1841 926 inaesiimabilis
1868 890 2102 926 redundabat
2123 891 2160 926 in
2190 890 2296 926 labiis
2321 894 2407 926 Jesu

1419 950 1602 985 sermonis
1627 949 1808 997 elegantia
1829 962 1942 998 super
1963 950 2032 985 mel
2057 958 2093 985 et
2122 951 2265 994 savum;
2286 949 2409 985 dulce-

1419 1008 1543 1045 scebat
1579 1008 1658 1057 ejus
1696 1009 1888 1057 eloquium
1919 1022 2032 1058 super
2065 1010 2190 1045 omnia
2229 1018 2407 1046 aromata.

357 1072 637 1115 pe’ro-ansis.=·em
669 1080 726 1099 ms
744 1094 753 1108 ‚
786 1071 905 1100 mecm
938 1080 1044 1113 quem
1078 1069 1197 1114 diligit
1229 1070 1356 1102 anima
1375 1065 1401 1099 Β
1420 1069 1590 1105 Prol'ecto
1610 1067 1779 1104 ordinem
1804 1069 1886 1104 coeli
1910 1076 2085 1114 noverat,
2109 1077 2145 1104 ct
2165 1067 2330 1117 ponebat
2346 1082 2409 1104 ra-

361 1141 441 1160 mea
456 1133 477 1162 ¹.
495 1126 565 1161 Sed
582 1125 669 1174 quid
689 1133 743 1160 est
761 1125 861 1173 quod
879 1125 1030 1170 dicitur,
1046 1134 1251 1160 nrt-rueram!
1263 1130 1355 1162 nos?

361 1190 441 1222 Non
463 1194 518 1222 est
539 1194 660 1221 terror
678 1185 740 1233 qui
771 1185 926 1220 incutiat
956 1185 1149 1220 liorrorem
1164 1214 1172 1229 ‚
1195 1185 1258 1221 sed
1288 1186 1352 1235 qui

361 1258 496 1280 novam
527 1244 650 1280 cordis
679 1245 862 1292 parturiat
894 1245 1180 1279 exsultationem
1209 1245 1265 1280 vel
1286 1245 1353 1280 ad-

360 1305 610 1340 mirationem.
631 1307 726 1339 Dum
750 1303 849 1338 euim
869 1303 1077 1350 cogitamus
1094 1316 1205 1351 quam
1229 1303 1353 1340 felices

359 1364 500 1399 ‹h-liciae
528 1361 724 1398 abundant
745 1361 780 1396 iu
803 1362 984 1404 claustro,
1011 1361 1208 1409 superbos
1231 1373 1348 1409 expa-

358 1424 474 1458 vescit
491 1435 556 1457 eor
576 1430 765 1465 nostrum,
780 1429 816 1456 ct
837 1420 995 1469 quadam
1017 1420 1116 1456 dulci
1138 1421 1349 1457 reverentia

360 1491 532 1518 movetur
549 1481 594 1516 de
615 1481 698 1516 loco
719 1492 799 1516 suo.
1337 1525 1342 1530 ι

415 1543 470 1578 17.
490 1544 538 1576 E!
566 1541 735 1575 abierunt
754 1541 909 1587 quidam
929 1553 978 1573 cuz*
1004 1544 1138 1574 nostris
1156 1541 1209 1574 ad
1224 1553 1352 1574 mmmc-

357 1611 541 1643 menmm,
573 1610 606 1635 e!
634 1604 684 1634 im
713 1603 1033 1634 inveneruntsicut
1046 1602 1216 1634 mulieres
1239 1601 1351 1633 (Ιὶχο-

363 1669 446 1696 rum
457 1675 469 1703 ;
498 1665 613 1708 ipsum
648 1668 770 1695 autem
809 1672 880 1693 uon
911 1662 1136 1693 invenerunt.
1175 1657 1352 1693 Abierant

355 1723 507 1768 quidam
541 1734 590 1755 m·
617 1724 764 1754 noste-ss.
785 1718 848 1754 Isti
875 1725 962 1753 sunt
987 1717 1142 1753 affectus
1171 1717 1351 1765 religiosae

359 1780 512 1824 mentis,
536 1779 598 1828 qui
626 1778 750 1814 omnia
765 1806 773 1822 ‚
794 1778 888 1813 sicut
917 1777 1109 1820 mulieres,
1131 1777 1349 1824 inveniunt,

1421 1129 1559 1164 tionem
1586 1127 1664 1176 ejus
1692 1129 1726 1164 in
1756 1136 1865 1164 terra.
1896 1129 2054 1177 Impleta
2078 1128 2241 1177 gaudent
2269 1128 2408 1164 viscera

1419 1189 1520 1224 luctu
1547 1188 1581 1223 iu
1609 1188 1771 1224 la‘titiam
1801 1196 1956 1223 mutato.
1981 1191 2060 1224 Jam
2084 1187 2241 1236 refulget
2263 1187 2300 1222 in
2316 1200 2409 1222 con—

1419 1247 1582 1283 scientiis
1605 1247 1756 1283 Domini
1789 1247 2023 1282 resurrectio.
2046 1246 2267 1294 Resurgenti
2296 1246 2423 1295 magis

1418 1306 1580 1354 gaudere
1599 1306 1782 1355 incipiunt
1795 1319 1906 1354 quam
1929 1304 2204 1341 condoluerant
2219 1306 2409 1341 crucifixo

1415 1366 1511 1401 Hinc
1531 1364 1705 1412 estquod
1735 1369 2128 1411 appropia{straverunt
2156 1366 2305 1399 castello
2335 1378 2408 1411 quo

1415 1423 1540 1467 ibunt,
1557 1423 1643 1471 quia
1668 1423 1814 1471 impleri
1835 1430 1997 1471 coeperat
2014 1422 2239 1458 desiderium
2261 1423 2406 1458 consilii

1416 1481 1518 1531 quod
1541 1481 1771 1530 quaerebant.
1798 1484 1848 1517 Ec
1869 1486 1948 1529 ipse
1967 1495 2006 1516 se
2016 1483 2139 1528 fimi-it
2167 1484 2312 1529 longius
2340 1483 2406 1524 ire,

1419 1551 1459 1578 ut
1477 1542 1564 1578 dum
1585 1543 1695 1578 vellet
1710 1555 1773 1578 cos
1792 1541 1981 1586 deserere,
2001 1541 2211 1578 dilectionis
2230 1541 2314 1589 igne
2332 1554 2408 1590 quo

1417 1601 1582 1638 suaviter
1595 1601 1726 1638 ardere
1741 1609 1934 1650 cu‘perant
1946 1629 1955 1645 ,
1976 1600 2181 1636 mirabilius
2195 1608 2406 1636 aestuarent.

1417 1660 1514 1708 Quid
1548 1673 1612 1695 eos
1646 1668 1753 1709 putas
1785 1668 1873 1695 tunc
1901 1659 2016 1695 animi
2048 1658 2237 1704 habuisse,
2269 1671 2352 1694 cum
2371 1671 2409 1694 se

1418 1721 1574 1768 lingeret
1588 1719 1734 1767 longius
1751 1720 1826 1754 ire?
1838 1719 1994 1755 AEstimo
2008 1718 2160 1754 forsitan
2175 1717 2310 1754 talibus
2323 1731 2407 1753 eum

1417 1778 1663 1828 querimoniis
1685 1778 1938 1827 interpellasse
1957 1791 1964 1813 t
1992 1781 2044 1814 Ne
2067 1777 2246 1822 decedas,
2269 1778 2407 1813 dulcis-

359 1851 433 1873 non
469 1846 590 1873 tamen
626 1844 887 1879 revertuntur,
927 1835 1021 1870 sicut
1053 1834 1099 1870 de
1131 1834 1351 1870 mulieribus
1372 1833 1398 1868 C
1417 1839 1530 1882 sime,
1556 1851 1601 1874 ne
1633 1837 1835 1874 decesseris
1851 1850 1870 1873 a
1890 1837 2100 1881 nobis;sed
2117 1837 2238 1873 adhue
2254 1838 2300 1873 de
2319 1841 2406 1873 Jesu

359 1897 505 1945 legitur.
533 1895 693 1943 Quando
726 1896 824 1931 enim
859 1894 946 1929 solis
981 1893 1271 1942 cogitationibus
1304 1893 1350 1929 (le

360 1970 486 1992 amore
508 1955 696 2005 religionis
719 1963 919 1990 tractamus
936 1954 971 1988 in
993 1952 1172 1989 cordibus
1188 1952 1324 1988 nostris
1337 1980 1346 1997 ‚

359 2016 532 2052 mulieres
558 2015 603 2051 ad
634 2022 920 2050 monumentum
944 2012 1090 2049 vadunt
1110 2020 1147 2048 et
1176 2012 1347 2048 redeunt.

357 2076 427 2113 Sed
453 2088 536 2111 cum
561 2075 715 2111 affectus
738 2073 871 2109 mentis
893 2072 938 2108 ad
964 2072 1223 2108 conversionis
1248 2071 1348 2107 desi-

359 2135 460 2171 deria
479 2142 772 2178 convertuntur3
793 2145 867 2168 non
884 2131 959 2180 jam
989 2140 1132 2168 tantum
1152 2131 1344 2175 mulieres,

358 2194 420 2231 sed
439 2194 590 2243 quidam
609 2207 653 2229 ex
671 2193 808 2228 nostris
822 2192 866 2228 ad
885 2199 1171 2227 monumentum
1189 2190 1344 2234 vadunt,

356 2255 512 2302 quinon
534 2261 796 2296 revertuntur,
818 2251 880 2287 sed
909 2264 975 2287 nec.
996 2251 1117 2299 ipsum
1137 2249 1347 2285 inveniunt.

357 2318 437 2349 Hoc
453 2322 575 2350 autem
590 2313 850 2362 experimento
867 2311 1145 2360 cognoscimus,
1163 2310 1250 2358 quia
1265 2322 1348 2345 cum

358 2372 508 2409 fervore
542 2372 674 2408 novitii
713 2371 758 2407 ad
796 2370 1087 2406 conversionem
1122 2369 1353 2413 venerimus,

359 2434 417 2468 bic
437 2437 563 2468 Jesum
590 2431 760 2467 inxenirc
789 2442 857 2465 nos
885 2430 1132 2471 aestiiiianiiis,
1160 2428 1247 2476 quia
1266 2440 1355 2476 per-

360 2493 463 2527 fectae
486 2490 766 2539 tranquillitatis
782 2497 816 2524 et
833 2489 1039 2524 sanctitatis
1060 2487 1191 2536 gaudia
1217 2500 1354 2536 appre-

357 2549 522 2586 lienderc
545 2562 612 2584 nos
632 2561 833 2597 speramus.
858 2547 928 2583 Sed
954 2560 1037 2582 cum
1057 2559 1231 2596 processu
1258 2554 1353 2582 tem-

1415 1901 1609 1934 Nazareno
1630 1905 1738 1933 sonet
1760 1910 1835 1932 vox
1854 1905 1915 1932 tua
1931 1897 1967 1932 in
1986 1896 2139 1933 auribus
2161 1898 2311 1934 nostris.
2334 1900 2409 1932 Lo·

1415 1970 1551 2005 quere,
1587 1968 1820 2005 quaesumus,
1854 1954 1899 1991 de
1929 1955 2065 2004 gaudio
2095 1955 2406 1992 resurrectionis:

1416 2029 1526 2051 malm
1553 2016 1739 2051 nobiscum
1751 2043 1761 2059 ,
1793 2018 1967 2062 quoniam
1987 2016 2256 2062 a{l‹¹(³.=perc15‹·(t
2271 2043 2280 2058 ‚
2300 2023 2335 2049 et
2356 2020 2408 2049 Ῐη-

1414 2078 1551 2110 clinata
1575 2079 1717 2121 (anjam
1736 2076 1814 2109 (lies
1827 2102 1836 2117 ‚
1857 2073 1921 2109 scd
1942 2086 2094 2122 agemus
2115 2073 2260 2121 vigilias
2279 2074 2406 2109 noctis.

1412 2136 1494 2169 Non
1512 2134 1610 2170 enim
1636 2133 1774 2169 sufficit
1794 2132 1872 2169 dies
1893 2140 1934 2168 ut
1951 2140 2140 2168 saturetur
2159 2133 2261 2169 auris
2278 2132 2406 2168 auditu

1415 2191 1461 2228 de
1488 2192 1705 2229 dulcissimo
1734 2195 1833 2228 Jesu.
1866 2195 1918 2227 Et
1946 2201 2142 2241 coegerunt
2166 2206 2247 2227 eum
2281 2207 2292 2226 .·
2321 2193 2407 2241 quia

1415 2251 1593 2287 cohibere
1609 2264 1647 2287 se
1667 2264 1742 2287 non
1762 2259 1908 2299 poterat
1927 2251 1979 2286 vis
1995 2251 2144 2287 amoris.

1480 2312 1534 2346 15).
1559 2313 1667 2346 Nunc
1683 2310 1728 2346 ad
1745 2309 1897 2346 delicias
1910 2318 2143 2345 revertamur
2160 2309 2406 2345 mortalitatis.

1425 2372 1569 2404 Oslulti
1581 2398 1590 2412 ,
1616 2379 1650 2405 et
1671 2372 1769 2404 tardi
1787 2371 1894 2403 corde
1914 2371 1968 2403 ad
1984 2371 2204 2404 credendum
2225 2374 2262 2403 in
2283 2375 2408 2403 ‹nnm-

1421 2427 1484 2462 bus
1499 2442 1585 2476 (μαι)
1598 2431 1703 2463 loculi
1720 2437 1803 2462 ,mut
1822 2428 2017 2475 Propheta?
2030 2430 2043 2462 .'
2058 2430 2190 2462 Noum—
2207 2428 2286 2462 laec
2299 2441 2407 2474 opor-

1419 2492 1488 2522 tuit
1519 2489 1697 2523 Christum
1724 2489 1824 2534 pati,
1860 2496 1895 2521 et
1919 2491 1972 2520 ila
2003 2491 2141 2521 intrare
2174 2491 2211 2521 iu
2244 2489 2405 2533 gloriam

1418 2550 1553 2582 suam?
1577 2548 1775 2596 Impletum
1803 2555 1857 2582 est
1878 2555 2024 2595 tempus
2043 2545 2144 2594 quod
2165 2545 2257 2581 dixit
2272 2545 2405 2581 Domi-

360 2610 462 2659 poris
493 2608 710 2657 experimur
738 2607 902 2642 miserias
926 2606 1099 2642 liumanae
1127 2606 1354 2654 fragilitatis3
1372 2610 1404 2643 D
1423 2619 1492 2642 nus
1519 2607 1556 2642 in
1588 2606 1790 2655 Evangelio
1812 2620 1819 2641 ε
1847 2605 1916 2640 Ubi
1943 2608 2012 2639 (luo
2032 2608 2178 2640 veltres
2197 2610 2406 2653 congregati

357 2678 446 2704 tunc
477 2668 778 2715 recognoscimus
810 2666 989 2714 quoniam
1025 2678 1101 2701 non
1136 2665 1349 2701 invenimus

355 2728 558 2765 Dominum
582 2741 588 2762 z
612 2727 794 2762 visionem
816 2734 937 2762 tamen
959 2726 1186 2775 Angelorum
1205 2726 1342 2774 aspici-

357 2801 456 2832 mus,
475 2787 645 2836 exempla
659 2786 797 2822 scilicet
814 2786 1037 2821 serventium
1056 2785 1344 2821 monachorum.

412 2849 468 2883 18.
498 2849 546 2881 Ιὶἱ
576 2850 653 2893 ipse
680 2848 774 2880 dixit
804 2847 857 2879 ad
883 2859 942 2879 eos
960 2859 970 2879 .·
993 2847 1139 2881 Ostulti
1150 2873 1160 2888 ,
1185 2853 1219 2879 et
1248 2847 1346 2879 tardi

354 2908 459 2940 sorde
477 2908 528 2940 ml
545 2907 766 2940 credendam
787 2909 823 2939 in
850 2904 1012 2939 nantibus
1031 2918 1118 2952 quoe
1138 2907 1246 2939 locuti
1264 2913 1347 2939 sunt

358 2967 554 3014 l'rnplwm:
567 2968 579 2999 Ι
604 2968 737 3000 Nonne
757 2966 837 2998 lawe
854 2969 1014 3012 aportuit
1030 2968 1115 3012 pati
1137 2965 1318 2999 Christum
1331 2993 1342 3009 ‚

357 3035 389 3060 r!
405 3031 455 3060 ila
478 3029 614 3059 intrare
633 3029 669 3058 in
682 3027 842 3069 gloriam
865 3037 968 3058 suam
981 3026 999 3058 ,9
1016 3023 1202 3059 Scaturire
1219 3022 1345 3059 viden-

359 3094 417 3120 tur
445 3084 520 3119 liaec
541 3082 656 3119 verba
689 3083 975 3119 teneritiulincm
1004 3083 1160 3126 amoris,
1183 3091 1219 3118 ct
1239 3082 1345 3131 quasi

358 3153 518 3179 mustum
547 3143 647 3191 quod
676 3143 856 3191 dirumpit
885 3156 1000 3178 novas
1030 3143 1264 3191 lagunculas,
1299 3142 1345 3178 (10

356 3203 526 3239 medullis
553 3203 759 3251 procedere
793 3202 992 3250 diligentis.
1020 3202 1131 3238 Dedit
1161 3202 1346 3238 Dominus

406 3332 618 3359 ¹(1autun1u.
646 3331 670 3357 ’1.

1413 2676 1500 2702 sunt
1519 2671 1556 2701 ιή
1583 2670 1730 2701 nomine
1747 2679 1846 2708 meo,
1872 2665 1923 2700 ibi
1948 2678 2028 2700 snm
2050 2669 2086 2700 in
2103 2666 2222 2699 medio
2241 2677 2364 2700 eornm
2378 2661 2403 2700 ³.

1411 2725 1634 2774 Congregati
1666 2732 1754 2760 sunt
1780 2726 1816 2760 in
1848 2724 2000 2760 nomine
2026 2722 2109 2772 ejus
2142 2723 2240 2768 duo,
2268 2724 2406 2760 scilicet

1410 2785 1540 2821 Oratio
1563 2792 1599 2820 et
1614 2784 1808 2821 Meditatio
1821 2811 1830 2829 ‚
1849 2792 1889 2819 ut
1906 2791 2029 2820 turtur
2041 2792 2077 2819 et
2092 2782 2265 2819 columba
2284 2784 2406 2832 queri-

1413 2844 1557 2880 monias
1589 2843 1715 2879 dulces
1742 2843 2050 2879 submurmurent
2075 2843 2112 2878 in
2138 2842 2319 2879 foramine
2338 2856 2405 2893 pe-

1413 2912 1491 2948 trae,
1509 2904 1545 2939 in
1561 2916 1721 2939 caverna
1737 2904 1920 2948 maceriae,
1935 2903 2180 2939 condolentes
2193 2902 2239 2938 de
2252 2904 2403 2939 Domini

1411 2963 1594 3012 passione.
1611 2963 1681 2998 Sed
1701 2970 1830 2998 contra
1843 2991 1852 3007 ‚
1869 2962 1947 2998 liaec
1964 2962 2128 2998 susurria
2140 2989 2149 3005 ,
2165 2960 2248 2997 liaec
2269 2961 2403 2998 devota

1411 3022 1569 3071 suspiria
1599 3030 1671 3057 tam
1702 3023 1863 3070 gratiosa
1895 3030 1981 3058 sunt
2011 3023 2047 3057 in
2069 3022 2188 3058 oculis
2214 3021 2316 3070 ejus,
2339 3023 2401 3070 qui

1412 3089 1597 3117 scrutatur
1618 3094 1725 3117 renes
1748 3090 1784 3117 ct
1806 3081 1940 3123 corda,
1968 3081 2070 3129 quod
2097 3094 2171 3117 non
2194 3081 2309 3129 possit
2339 3081 2402 3117 diu

1413 3140 1642 3176 abscondere
1659 3141 1937 3176 multitudinem
1954 3140 2162 3176 dulcedinis
2177 3152 2270 3183 sum,
2290 3153 2401 3188 quam

1412 3200 1609 3237 abscondit
1641 3200 1858 3237 timentibus
1889 3208 1925 3236 et
1958 3198 2198 3248 diligentibus
2227 3212 2264 3235 sc
2298 3214 2304 3235 :
2338 3200 2402 3235 sed

701 3347 729 3349 —
753 3334 762 3347 ⁷
779 3331 894 3357 Jercm,
920 3338 1023 3358 xxxii„
1048 3330 1099 3355 Ἦ).
1120 3344 1153 3347 -
1176 3324 1188 3347 3
1210 3326 1321 3355 unuh.
1337 3337 1421 3354 xviii
1437 3350 1444 3362 ,
1466 3330 1519 3356 Ἣ),
