2504 3928
362 172 435 207 23¹.)

1120 166 1409 203 (HLLEBERTI
1444 166 1469 199 Α
1478 164 1639 198 BBATIS

2325 159 2399 196 220

360 249 528 283 osi-ulum
565 254 648 282 est:
673 246 805 291 lingua·
835 255 939 284 xero,
974 241 1018 276 ad
1051 241 1242 289 eloquium
1265 239 1463 276 tan-''⁴ex
1498 245 1600 287 parte
1628 236 1734 284 quasi
1765 235 1835 272 sub
1868 236 1992 283 lingua
2015 243 2204 284 premetur
2236 235 2403 280 silentio,

365 316 454 342 tum.
479 309 559 341 Non
582 312 724 341 tautaum
749 301 907 336 dulcedo
926 301 962 335 in
982 300 1106 348 lingua
1130 308 1258 343 sonat,
1289 299 1353 335 sed
1374 304 1401 336 A
1419 297 1482 333 sed
1510 308 1677 345 pressum
1706 294 1770 330 diu
1797 301 2016 343 prorumpet
2040 293 2236 342 gaudium,
2268 302 2305 330 et
2332 294 2402 329 im-

367 369 439 401 me!
456 374 489 399 et
507 367 564 398 lm·
581 362 646 398 sub
665 364 791 408 lingua
807 369 884 394 ma.
906 359 1083 395 Simulata
1101 358 1258 394 dulcedo
1285 366 1353 402 est,

366 437 450 472 quae
485 430 628 457 tautum
661 428 767 456 sonat
799 419 834 454 in
868 418 1011 466 lingua,
1033 426 1069 454 ct
1090 430 1165 454 non
1197 417 1355 453 sentitur

367 482 437 517 sul»
457 481 546 530 ipsa.
567 479 706 526 Exigua
725 486 800 520 est,
821 489 903 525 quae
934 485 1010 512 tota
1035 485 1089 511 est
1120 476 1155 512 in
1188 475 1293 512 labiis
1319 483 1356 511 et

371 542 405 576 in
435 540 581 587 liu-gua,
604 546 640 573 et
659 550 733 573 non
757 548 842 585 pars
870 534 950 583 ejus
980 534 1097 583 major
1123 533 1193 570 sub
1221 535 1354 582 lingua.

371 603 450 635 Non
485 605 539 633 est
570 595 727 632 dulcedo
760 603 903 630 tautum
932 594 969 629 iu
995 593 1076 641 ejus
1108 593 1256 641 lingua,
1291 605 1357 627 nec

369 666 446 692 tota
465 664 520 691 est
538 655 574 690 in
597 655 741 702 lingua,
762 652 826 689 sed
844 653 1030 701 sicutipse
1048 652 1111 700 qui
1129 651 1233 687 novit
1252 658 1358 686 testa-

370 724 430 750 tur
454 729 461 750 ε
484 716 558 748 mel
589 722 624 748 et
652 715 709 747 lm·
740 711 805 746 sab
840 715 967 758 lingna
996 720 1072 746 tua.
1101 710 1188 746 Ideo
1218 717 1359 745 eructat

368 772 526 809 verbum
555 771 696 807 bonum
725 785 732 805 :
761 769 918 805 verbum
946 778 1020 804 tam
1049 769 1222 805 melleum
1248 780 1358 816 quam

372 834 550 876 lacteum,
579 838 736 879 propter
754 830 908 865 Deitatis
926 827 1176 876 majestatem,
1205 835 1241 863 et
1269 840 1360 875 pro-

373 900 456 940 pter
484 889 754 927 lucarnationis
779 887 1009 936 mysterium.
1036 887 1178 934 Lingua
1205 894 1242 922 et
1267 885 1362 921 labia

372 964 412 986 ac
428 949 625 998 siquidum
652 955 849 995 argenteus
873 946 1008 982 canalis
1026 954 1133 990 sunt,
1156 957 1224 993 per
1250 957 1362 993 quem

1420 355 1583 405 plebitur
1612 367 1654 390 os
1682 352 1763 402 ejus
1796 353 1896 389 risu:
1916 366 1958 389 os
1976 381 1985 398 ,
2014 353 2187 401 inquam,
2219 352 2402 396 mulieris,

1419 413 1718 462 ‹·ujuss0rtitmlo
1738 421 1773 447 et
1791 414 1900 447 decor
1918 414 2170 447 indumentum
2189 416 2281 457 eJuS.
2313 410 2406 448 Vide

1421 473 1610 522 quomodo
1640 485 1714 508 non
1748 479 1898 520 oportet
1927 470 2064 506 nudam
2101 470 2290 515 inveniri,
2323 482 2406 518 quae

1423 533 1603 583 promissa
1631 531 1700 569 sibi
1726 538 1916 579 exspectat
1944 529 2078 579 gaudia
2107 529 2224 567 reddi.

1476 594 1511 627 (i.
1533 591 1624 638 Quis
1641 591 1706 626 scit
1723 590 1753 627 si
1774 602 1849 625 non
1871 589 1947 624 liaec
1968 589 2045 637 ipsa
2065 596 2151 625 sunt
2170 587 2408 632 indumenta,

1424 650 1470 685 de
1497 649 1634 698 quibus
1652 649 1688 684 in
1707 648 1778 684 hoc
1797 648 1928 684 eodem
1949 647 2087 683 Cantici
2112 647 2192 682 loco
2211 644 2410 693 subsequi-

1427 716 1486 743 tur
1518 722 1524 743 :
1556 709 1651 753 Quia
1685 709 1776 742 odor
1807 710 2102 742 vestimentorum
2135 714 2278 740 morum
2322 708 2412 739 sicut

1427 768 1516 801 odor
1543 766 1656 801 thuris
1668 769 1687 800 Ρ
1709 768 1849 813 Ope-rui
1863 793 1873 808 ,
1903 764 2024 813 inquit
2047 763 2262 808 Psalmista,
2293 767 2332 798 in
2350 763 2414 807 je-

1416 829 1528 873 junio
1563 831 1728 861 mamam
1764 831 1910 860 meam7
1944 838 1951 859 ;
1985 824 2098 868 item,
2134 822 2344 858 Humiliabo
2375 827 2413 857 in

1417 888 1564 931 jejunio
1595 889 1762 921 animam
1789 897 1931 926 meam,
1953 892 1991 920 ee
2009 886 2124 917 oratio
2153 893 2236 917 mea
2264 885 2303 915 in
2332 885 2416 916 sime

1429 958 1507 979 tneo
1543 941 1806 978 ‹·0n‹¹ertet1c1·⁸.
1841 945 1942 977 Bona
1974 941 2087 977 vestis
2115 939 2305 988 jejunium
2332 967 2342 985 ,
2378 939 2414 975 in

372 1009 418 1045 de
437 1008 560 1044 cordis
579 1008 680 1043 fonte
698 1006 808 1042 rivuli
827 1005 930 1042 lactis
947 1013 983 1040 et
1004 1004 1123 1042 mellis
1139 1010 1358 1051 erumpunt.
1382 1004 1407 1037 B
1427 1002 1532 1050 eujus
1561 1002 1644 1037 sinu
1671 1001 1833 1049 quodam
1851 1008 1994 1036 secreto
2011 999 2129 1035 oratio
2149 1006 2414 1034 commoratur.

372 1071 584 1114 Utrumque
621 1065 726 1100 dulce
741 1094 749 1108 ,
789 1063 851 1099 sed
881 1063 1051 1098 distincta
1081 1061 1252 1098 dulcedo.
1292 1065 1364 1097 Lae

373 1126 616 1174 parvulorum
637 1132 714 1167 est,
739 1131 779 1158 ut
802 1122 935 1158 Paulus
955 1122 1123 1170 loquitur
1142 1128 1167 1156 ¹.
1203 1124 1247 1157 Et
1266 1120 1364 1156 idem

373 1184 470 1219 inter
491 1183 672 1232 perfectos
688 1181 833 1217 dulcem
854 1188 889 1216 et
907 1179 1071 1216 divinam
1092 1188 1128 1215 et
1147 1179 1254 1227 quasi
1271 1179 1364 1214 mel-

373 1243 465 1278 leam
491 1241 710 1290 sapientiam
741 1240 849 1275 docet
870 1246 896 1273 ².

426 1304 460 1337 ς’).
484 1301 555 1336 Alii
573 1301 643 1336 mel
662 1308 804 1335 tantum
821 1298 959 1335 liabent
979 1297 1048 1333 sub
1071 1298 1215 1346 lingua,
1236 1305 1272 1332 et
1289 1309 1364 1332 non

374 1361 428 1396 lac
451 1375 457 1395 :
479 1359 540 1395 alii
563 1366 703 1394 tantum
730 1358 806 1401 lae,
829 1364 864 1391 et
885 1368 962 1391 non
983 1356 1069 1391 mel.
1094 1356 1165 1391 Mel
1185 1363 1308 1390 autem
1331 1362 1367 1390 et

375 1420 429 1454 lac
462 1426 619 1465 utraque
652 1416 791 1465 pariter
821 1413 891 1451 sub
926 1414 1052 1461 lingua
1085 1422 1172 1449 sunt
1206 1426 1364 1462 sponsae.

377 1480 448 1512 Nee
480 1476 551 1511 mel
580 1475 682 1520 fluit,
717 1473 782 1510 sed
815 1473 930 1522 magis
961 1472 1125 1509 distillat.
1159 1474 1236 1507 Nec
1266 1472 1365 1507 enim

375 1534 510 1583 passim
533 1541 569 1569 et
588 1533 881 1581 intemperanter
899 1531 1094 1580 profundit
1113 1529 1291 1566 sublimes
1316 1530 1365 1565 il-

376 1593 430 1628 los
450 1600 486 1627 et
506 1591 716 1628 reconditos
741 1602 872 1626 sensus
901 1598 1128 1625 secretorum
1158 1588 1365 1624 coelestium

373 1659 409 1686 et
428 1650 582 1687 Deitatis
595 1661 726 1685 areana
738 1676 748 1691 ,
769 1661 837 1684 nec
856 1648 958 1684 lactis
974 1656 1105 1697 potum
1123 1647 1204 1683 sine
1221 1646 1365 1682 delectu

373 1709 559 1758 propinat.
590 1710 688 1752 Mel,
717 1707 862 1755 inquit,
889 1716 923 1741 et
951 1709 1009 1741 lac
1035 1706 1099 1740 sul)
1132 1708 1260 1752 lingua
1283 1715 1363 1746 tua,

1430 1061 1547 1097 Vestis
1567 1068 1621 1096 est
1640 1073 1722 1108 quae
1738 1060 1860 1095 sinum
1877 1058 1990 1094 habet
2007 1072 2014 1093 :
2038 1060 2164 1093 Oratio
2180 1070 2263 1092 mea
2283 1061 2319 1092 in
2333 1061 2417 1092 sinu

1431 1133 1509 1154 meo
1528 1126 1760 1154 convertetur.
1782 1116 1902 1153 Habes
1919 1117 1980 1152 hic
1997 1124 2200 1164 utrumque
2212 1144 2222 1161 ,
2243 1115 2274 1152 si
2291 1115 2419 1151 adver-

1433 1186 1504 1223 tas,
1525 1186 1561 1214 et
1580 1177 1617 1212 in
1633 1175 1780 1225 jejunio
1808 1175 2069 1211 indumentum
2099 1173 2350 1217 fortitudinis,
2384 1181 2421 1209 et

1431 1236 1469 1271 in
1513 1235 1683 1271 oratione
1726 1235 1881 1271 odorem
1912 1233 2045 1270 thuris.
2082 1235 2232 1277 Ονιιιίο,
2268 1232 2390 1280 inquit
2408 1260 2419 1277 ,

1432 1308 1515 1329 mea
1535 1299 1574 1329 in
1600 1299 1683 1329 sinu
1704 1308 1782 1329 meo
1806 1303 2040 1329 convertetur.
2065 1295 2140 1330 Cur
2164 1304 2257 1328 vero
2287 1291 2356 1337 ait,
2383 1293 2420 1327 ιή

1431 1355 1546 1388 sime?
1578 1357 1634 1389 An
1668 1353 1764 1389 sorte
1794 1353 1979 1388 defectum
2009 1351 2191 1388 orationis
2221 1350 2356 1399 tepidae
2386 1358 2423 1386 et

1432 1411 1598 1448 infractae
1628 1411 1731 1448 dedit
1760 1410 1942 1460 intelligi,
1975 1410 2014 1446 in
2046 1410 2128 1458 ipso
2171 1409 2294 1459 primo
2333 1421 2422 1444 eva—

1434 1470 1616 1506 nescentis
1635 1482 1832 1519 processn;
1851 1469 2010 1517 ideoque
2027 1468 2165 1504 dicitur
2183 1468 2220 1504 in
2239 1468 2323 1504 sinu
2354 1480 2421 1503 suo

1432 1529 1621 1573 converti,
1641 1527 1778 1564 ibidem
1796 1528 1935 1565 scilicet
1952 1527 2124 1564 occidens
2152 1525 2216 1563 ubi
2245 1525 2423 1562 exhauri—

1434 1587 1521 1621 tur?
1540 1585 1612 1622 Sed
1644 1586 1835 1634 quomodo
1863 1585 2096 1621 convertitur
2128 1592 2165 1620 et
2190 1583 2310 1629 redit,
2341 1596 2425 1632 quae

1433 1643 1554 1692 perit?
1569 1643 1688 1692 Magis
1711 1643 1863 1692 quidem
1884 1644 1921 1678 in
1940 1643 2024 1680 sinu
2052 1641 2221 1679 converti
2252 1641 2424 1686 videtur,

1432 1712 1515 1748 quae
1561 1700 1718 1736 celerem
1756 1699 1878 1748 precis
1920 1707 2086 1748 reportat
2127 1699 2322 1744 effectum,
2358 1698 2428 1735 etsi

374 1771 457 1804 Non
479 1767 578 1803 enim
603 1779 724 1803 serino
744 1774 799 1801 est
819 1765 878 1800 vel
899 1765 1046 1805 interna
1067 1763 1265 1800 dulcedine
1296 1776 1364 1799 va-
1384 1764 1411 1799 C
1432 1759 1600 1795 nondum
1622 1759 1753 1808 plene,
1775 1772 1821 1795 ex
1843 1766 1948 1807 parte
1970 1766 2093 1794 tamen
2114 1758 2266 1794 humilis
2288 1765 2324 1793 et
2353 1757 2422 1793 de-

375 1838 466 1861 cuus
480 1853 489 1869 ,
534 1825 593 1860 vel
641 1825 798 1859 internae
829 1822 1019 1858 dulcedini
1056 1829 1283 1870 coaequatus.
1327 1824 1369 1856 In

377 1893 554 1934 promptu
574 1891 630 1919 est
647 1883 700 1918 illi
718 1882 840 1917 dulcia
858 1881 983 1929 loqui,
1009 1880 1079 1917 sul)
1109 1881 1217 1928 cujus
1245 1880 1371 1927 lingua

376 1944 448 1979 mel
468 1951 504 1978 et
524 1943 589 1977 lac.
607 1944 716 1977 Beata
733 1940 859 1988 lingua
872 1967 881 1983 ‚
904 1951 987 1987 quae
1006 1940 1109 1974 velut
1130 1939 1235 1973 savus
1252 1937 1371 1973 distil-

377 2003 446 2046 lat,
479 2009 515 2036 et
543 1999 646 2035 velut
677 1998 793 2034 ubera
812 1998 982 2046 quaedam
1003 1997 1245 2046 parvulorum
1279 1996 1371 2032 lacte

375 2059 624 2101 distenditur-3
643 2070 724 2105 ‹111ae
742 2056 813 2092 mel
834 2056 1011 2100 distillat,
1030 2064 1065 2091 et
1089 2056 1141 2090 lac
1161 2055 1254 2090 fluit.
1275 2058 1367 2091 Om-

377 2119 433 2154 nis
449 2117 589 2152 clamor
610 2123 646 2150 et
662 2113 872 2150 amaritudo
891 2121 927 2149 et
947 2112 1178 2161 blasphemia
1196 2112 1305 2159 longe
1322 2111 1369 2146 ab

378 2175 456 2211 istis
487 2172 733 2223 proscribitur
763 2170 893 2214 labiis,
920 2171 1015 2207 sicut
1040 2171 1209 2219 Apostoli
1240 2170 1370 2206 suadet

380 2235 551 2270 hortatus
566 2230 593 2266 ³.
612 2234 687 2267 Nec
703 2238 778 2274 est,
798 2229 906 2277 juxta
924 2230 1110 2266 Psalmum
1123 2257 1132 2274 ‚
1154 2228 1219 2264 sub
1238 2231 1370 2276 lingua

379 2297 457 2336 ejus
489 2289 593 2324 labor
621 2298 658 2323 et
687 2289 818 2322 dmm-⁴
837 2302 844 2322 :
864 2288 927 2323 sed
950 2290 1023 2322 mel
1049 2296 1084 2322 ct
1114 2289 1194 2329 lac,
1227 2287 1367 2334 inquit,

377 2349 445 2384 sub
473 2351 600 2395 lmgua
625 2355 701 2381 tua.
724 2348 841 2380 Favus
865 2347 1054 2380 ‹liseillans
1082 2345 1183 2379 labia
1204 2349 1370 2379 meretri-

380 2412 429 2443 cis
442 2436 452 2451 ,
472 2415 506 2441 et
527 2407 678 2440 nitidius
698 2407 775 2438 oleo
798 2412 921 2452 guttur
939 2409 1028 2450 ejus.
1050 2406 1131 2439 Non
1154 2412 1275 2439 tamen
1298 2404 1369 2438 mel

379 2474 416 2501 et
436 2466 489 2500 lac
506 2463 718 2511 sublingua
735 2462 836 2510 ejus3
855 2475 930 2497 non
949 2462 987 2498 in
1008 2461 1149 2497 intimis
1168 2460 1270 2509 ejus,
1292 2474 1368 2497 non

1436 1826 1533 1853 votae
1553 1818 1747 1867 petitionis
1767 1817 1890 1853 fructu
1908 1817 2062 1866 potitur.
2084 1815 2207 1853 Habet
2225 1816 2325 1852 enim
2343 1815 2426 1852 dul-

1435 1876 1605 1916 cedinem
1638 1877 1792 1912 multam
1821 1875 2029 1911 vehemens
2060 1883 2097 1911 et
2122 1875 2257 1911 devota
2286 1875 2427 1919 oratio;

1436 1944 1472 1972 et
1503 1936 1591 1972 dum
1623 1936 1797 1984 dirigitur
1829 1936 1867 1971 in
1899 1942 2104 1983 conspeetu
2136 1933 2291 1970 Domini
2321 1933 2426 1982 quasi

1438 1995 1630 2030 incensum
1644 2023 1654 2039 ,
1672 2007 1823 2030 suavem
1843 1993 1922 2042 ipsa
1941 1993 2069 2030 odoris
2089 1993 2145 2029 sui
2163 2005 2312 2029 sensum
2329 1992 2427 2028 hau-

1438 2053 1496 2088 rit.
1518 2057 1575 2088 An
1604 2065 1681 2088 non
1713 2051 1855 2088 bonum
1882 2051 2168 2096 indumentum,
2199 2063 2283 2086 cum
2308 2062 2428 2098 vapor

1435 2110 1651 2158 hujusmodi
1680 2110 1827 2146 nebulae
1864 2111 1983 2158 ipsam
2012 2109 2205 2146 offerentis
2236 2109 2361 2157 operit
2391 2117 2428 2144 et
2480 2127 2488 2135 ·

1435 2170 1546 2205 vestit
1568 2169 1757 2205 animam?
1785 2173 1930 2205 Bonum
1954 2169 2077 2218 plane.
2107 2168 2176 2205 Sed
2212 2180 2303 2213 nos,
2334 2167 2429 2203 sicut

1435 2228 1616 2276 coepimus
1630 2256 1639 2273 ,
1659 2228 1970 2263 vestimentorum
1991 2226 2340 2275 interpretationem
2362 2239 2423 2262 se-

1436 2286 1599 2321 cundum
1622 2286 1829 2324 exteriores
1851 2294 1954 2322 actus
1973 2297 2234 2334 exsequamur.

1490 2344 1525 2379 7.
1558 2347 1683 2393 Opera
1709 2345 1808 2380 enim
1841 2344 1940 2380 bona
1959 2352 1996 2380 et
2013 2344 2181 2393 priorem
2209 2343 2428 2379 deformita-

1436 2411 1509 2439 tem
1530 2404 1724 2453 operiunt,
1747 2416 1794 2439 ne
1812 2403 1858 2439 ad
1881 2416 2016 2439 noxam
2044 2404 2251 2453 imputetur
2272 2417 2279 2439 :
2301 2410 2339 2438 et
2358 2402 2426 2438 de-

1435 2474 1559 2497 corem
1592 2461 1790 2510 quemdam
1811 2470 1848 2498 et
1864 2470 2099 2499 venustatem
2131 2461 2349 2505 conserunt,
2385 2468 2427 2496 ut

380 2525 417 2561 in
447 2523 588 2559 ultimis
615 2521 694 2570 ejus
712 2535 719 2556 :
738 2523 805 2556 sed
821 2525 1015 2555 novissima
1033 2522 1110 2565 <jus
1129 2533 1262 2554 amara
1280 2525 1370 2555 sicut
1386 2521 1418 2555 D
1434 2520 1480 2556 ad
1508 2520 1663 2568 gratiam
1695 2528 1903 2568 reputetur.
1936 2523 2038 2556 Bona
2061 2533 2150 2568 ergo
2180 2519 2402 2556 vestimenta
2414 2546 2424 2563 ,

377 2582 627 2625 absinthitcm,
665 2589 700 2615 el
731 2589 842 2614 acum
874 2589 912 2614 ut
947 2581 1096 2627 gladius
1128 2577 1284 2626 biceps&
1316 2582 1370 2614 De

379 2642 533 2678 muliere
564 2653 654 2676 vero
685 2639 769 2675 sorti
799 2639 869 2674 hoc
896 2638 993 2674 idem
1015 2638 1051 2674 in
1074 2637 1288 2675 Proverbiis
1308 2637 1369 2672 in-

383 2701 464 2749 quit
490 2715 496 2735 :
521 2700 712 2734 Fortitudo
733 2707 766 2732 et
782 2700 892 2732 decor
918 2699 1172 2731 indumentum
1205 2697 1283 2740 ejus
1298 2724 1307 2740 ‚
1336 2704 1370 2730 et

381 2758 513 2793 riflebie
530 2762 568 2792 ιή
589 2759 650 2792 (lie
675 2761 865 2791 novissimo
880 2754 907 2790 s'.
942 2755 1177 2804 Spiritualem
1204 2755 1305 2790 illum
1336 2763 1372 2789 et

382 2829 469 2852 vere
489 2815 636 2855 beatum
657 2815 769 2849 risum
793 2814 869 2861 jam
890 2827 989 2849 nunc
1015 2813 1175 2862 parturit
1204 2826 1245 2848 os
1272 2812 1371 2860 ejus,

382 2884 417 2911 et
446 2874 551 2921 quasi
584 2873 742 2908 dulcedo
762 2873 842 2920 ejus
862 2872 932 2909 sub
959 2873 1083 2921 lingua
1102 2872 1231 2907 latitat.
1254 2871 1371 2907 libul-

382 2935 471 2969 lient
490 2941 612 2968 antem
638 2945 721 2979 φιλ·
754 2944 852 2966 nune
874 2931 1033 2967 subsunt
1061 2931 1131 2967 mel
1161 2938 1197 2966 et
1226 2930 1302 2974 lac,
1335 2931 1370 2965 in

380 2991 526 3040 plenam
559 2990 721 3025 laetitiam
749 2989 784 3024 in
814 2989 874 3024 die
895 2990 1113 3026 novissimo.
1145 2993 1246 3026 'sune
1273 2988 1372 3023 nulla

429 3133 436 3147 ¹
455 3130 466 3157 1
483 3128 554 3156 Cor.
575 3137 627 3162 ιιι,
655 3128 691 3159 Ι,
713 3129 742 3154 .’),.
765 3143 807 3146 —
830 3125 1004 3159 ²11l.ii‚t}.
1032 3144 1071 3147 ——--
1100 3124 1376 3165 ³151vt=··z.1v‚:it.

382 3184 454 3208 ἿῙ».7
480 3198 491 3199 ff
508 3185 519 3207 7
537 3179 613 3208 Psal.
632 3188 748 3212 ixvui,
771 3181 819 3206 11.
840 3194 877 3197 u
901 3176 913 3197 ⁸
930 3177 1008 3206 l'sal.
1031 3188 1149 3210 xxxiv,
1175 3180 1224 3206 153.

424 3240 434 3251 ¹
451 3236 555 3276 'l‘irmp
571 3241 596 3264 ι-1
616 3238 716 3265 lloi‘sl.
733 3235 886 3278 rastrique.
903 3245 926 3270 ῐ·

1436 2578 1534 2614 bona
1556 2587 1643 2614 sunt
1662 2591 1776 2627 opera
1798 2593 1806 2614 ε
1825 2591 1909 2626 quae
1926 2579 2035 2614 simul
2054 2586 2213 2623 ornant,
2233 2585 2270 2614 et
2300 2585 2421 2613 orant.

1439 2641 1480 2672 Et
1499 2637 1599 2685 quod
1620 2645 1774 2681 ornent,
1797 2638 2034 2673 manifestum
2062 2636 2214 2685 quidem
2233 2644 2289 2672 est
2321 2650 2328 2671 :
2360 2635 2424 2671 sed

1435 2709 1511 2732 non
1543 2696 1711 2732 omnium
1741 2704 1895 2733 ornatus
1915 2695 2058 2732 redolet
2088 2695 2217 2736 thura,
2241 2707 2316 2729 non
2337 2706 2425 2729 ora-

1439 2755 1550 2789 tionis
1567 2755 1754 2802 specimen
1775 2763 1886 2790 tenet.
1909 2755 2080 2802 Denique
2098 2752 2205 2801 cujus
2221 2759 2235 2774 ³
2257 2765 2372 2801 opera
2391 2760 2428 2787 et

1439 2812 1601 2861 patentia
1615 2841 1623 2856 ,
1643 2820 1679 2847 et
1697 2812 1865 2861 publica,
1896 2812 2186 2848 ostentationem
2214 2818 2251 2846 et
2276 2810 2424 2846 inanem

1432 2871 1648 2920 jactantiam
1668 2871 1857 2915 redolent,
1879 2884 1954 2907 non
1975 2870 2256 2920 supplicationis
2283 2870 2426 2905 instan-

1439 2930 1545 2974 tiam,
1591 2942 1666 2964 non
1705 2929 1992 2964 sollicitudinem
2025 2927 2195 2977 placendi
2241 2926 2425 2971 Domino,

1438 3000 1514 3023 non
1539 2987 1782 3036 impetranda:
1804 2995 1889 3022 vota
1918 2987 2045 3035 gratiae
2072 3000 2080 3021 :
2111 2985 2303 3034 quomodo
2327 2985 2424 3021 enim

1468 3124 1480 3150 >l
1504 3125 1579 3154 psal.
1609 3136 1662 3161 ix,
1687 3127 1716 3154 7.
1742 3144 1783 3146 ——
1812 3121 1824 3144 ⁵
1849 3127 1939 3154 l‘rov.
1966 3136 1997 3161 v,
2025 3127 2062 3159 3,
2102 3126 2125 3153 i.
2162 3142 2185 3143 Π
2213 3121 2227 3141 ⁶
2253 3121 2297 3152 Id.
2331 3133 2422 3158 xxxi,
