2504 3928
318 225 390 259 835
621 224 627 250 τ
646 222 679 232 ’·
693 221 772 268 “7

323 301 432 337 saciet
459 299 725 336 commuuione
748 298 960 346 charitatis,
989 299 1096 348 cujus
1122 299 1303 337 beneficio

322 361 446 396 omnia
467 360 504 396 in
523 358 631 396 nobis
647 359 717 395 erit
734 362 848 396 Deus.

661 481 837 520 CAPUT
867 482 978 520 XIX.

345 596 458 626 Clu-isti
474 597 647 638 passionem
664 602 693 627 et
709 603 840 627 mortem
853 597 974 628 assidue
991 597 1199 629 meditandam
1215 609 1290 630 esse.

379 708 427 744 62
465 708 623 754 Audite,
644 709 750 755 coeli,
765 717 800 746 et
815 709 970 747 auribus
985 710 1147 760 percipe,
1173 718 1271 747 terra
1286 718 1310 756 ¹,

324 775 507 814 ‹piantum
536 769 788 817 magnificavit
816 769 1013 806 nobiscum
1042 773 1142 807 Deus
1169 771 1313 808 miseri-

321 826 487 863 cordiam
511 839 628 863 suam.
652 831 696 864 Et
722 828 806 877 quis
823 828 999 876 abyssum
1018 837 1091 865 tam
1115 829 1313 867 ineffabilis

322 886 448 934 gratiae
467 887 737 933 consideravit,
759 888 843 937 quis
865 888 910 924 de
939 889 1039 925 sonte
1058 897 1166 925 tantae
1184 889 1311 926 dulce-

322 944 419 981 dinis
440 947 601 994 gustavit
614 975 624 991 ,
642 955 678 983 et
697 960 772 983 nou
791 948 960 984 amavit?
976 952 1109 985 Nonne
1134 953 1210 985 Deo
1227 950 1312 986 sub-

317 1003 417 1052 jecta
448 1005 543 1050 eris,
561 1006 684 1042 anima
718 1008 856 1042 mea2?
885 1010 1010 1054 Quare
1042 1021 1117 1044 nou
1150 1009 1313 1046 effundis

320 1063 474 1100 assa-ctus
500 1064 538 1100 in
563 1069 705 1111 Deum,
729 1078 825 1114 quos
852 1065 982 1114 dirigis
1002 1066 1047 1102 ad
1073 1068 1255 1104 vanitates
1276 1077 1312 1104 et
1333 1069 1360 1103 B

320 1122 483 1160 insanias
512 1124 619 1160 salsas
633 1122 646 1144 3
663 1126 677 1160 Ρ
692 1128 816 1171 Quare
836 1125 950 1162 tristis
978 1139 1016 1162 cs
1029 1154 1038 1170 ‚
1061 1127 1183 1164 anima
1203 1141 1282 1164 mea
1299 1157 1308 1173 ,

320 1190 355 1218 ct
377 1196 492 1231 quare
512 1182 717 1220 conturbas
739 1185 819 1220 me⁴
836 1187 850 1220 Ρ
867 1186 1056 1234 Numquid
1077 1187 1311 1224 consiliarius

319 1254 395 1277 nou
418 1250 474 1279 est
495 1242 559 1279 tibi
579 1251 642 1279 aut
661 1243 825 1280 salvator
843 1246 857 1279 Ρ
876 1247 1070 1292 Numquid
1095 1251 1216 1281 resina
1238 1260 1310 1282 non

318 1311 370 1335 est
391 1306 426 1336 in
449 1304 609 1346 Galaad,
623 1311 684 1337 aut
701 1304 858 1337 medicus
877 1316 948 1338 non
966 1313 1018 1338 cst
1035 1304 1083 1338 ihc·
1098 1302 1110 1324 ⁵
1124 1306 1313 1341 PRevet-te-

317 1374 373 1403 re,
396 1371 584 1404 revertere,
607 1363 820 1404 Summas,
837 1361 1033 1396 revertet-12⁰
1048 1362 1093 1398 ad
1108 1364 1312 1401 Dominum

318 1423 438 1455 Deum
459 1429 562 1456 tuum
578 1449 586 1463 ,
607 1420 752 1456 divulsa
765 1433 845 1456 mea
857 1448 866 1465 ‚
882 1420 1081 1457 dilacerata
1099 1435 1180 1458 mea
1193 1452 1202 1467 ,
1222 1436 1311 1472 per-

319 1479 393 1514 dita
413 1492 511 1524 mea3
530 1479 594 1515 sed
607 1479 745 1516 Christi
762 1488 882 1515 morte
897 1479 1008 1528 deniq
1017 1493 1061 1516 ue
1078 1482 1308 1527 resuscitata,

317 1537 450 1574 Clu-isti
475 1538 646 1587 passione
672 1538 879 1587 redempta.
903 1541 996 1583 Cur,
1020 1553 1170 1588 quaeso,
1191 1541 1314 1590 diligis

321 1597 463 1646 aliquid
492 1606 629 1647 praeter
655 1598 759 1634 illum
775 1626 784 1643 ,
815 1598 879 1647 qui
907 1606 980 1635 tam
1012 1598 1175 1650 benigne
1193 1629 1202 1646 ,
1239 1610 1313 1637 tam

320 1657 611 1693 misericorditer
628 1670 648 1693 a
667 1665 722 1693 tot
752 1658 911 1694 miseriis
943 1667 977 1694 te
999 1659 1158 1696 redemit
1182 1662 1196 1696 ?
1226 1661 1314 1711 Jugi

317 1715 497 1751 scrutinio
515 1724 551 1752 et
566 1715 713 1752 assidua
731 1717 975 1754 meditatione
998 1719 1151 1756 revolve
1165 1747 1174 1764 ,
1192 1721 1313 1769 quali-

317 1782 372 1809 ter
401 1774 626 1824 Unigenitus
645 1776 715 1812 Dei
745 1777 886 1822 Patris,
917 1790 999 1813 cum
1022 1787 1118 1814 esset
1136 1779 1316 1828 splendor

999 225 1060 259 -ΤΒ
1068 226 1281 261 ACTATUS
1312 227 1341 259 D
1348 226 1374 259 t:
1403 225 1690 261 CHARITATE.

1315 300 1361 318 01¹1

2287 228 2364 265 836

1376 299 1576 336 nebrarum
1606 299 1729 348 justus
1758 298 1897 348 injuste
1923 299 2126 347 occiditur,
2152 302 2240 351 quia
2263 303 2368 352 quod

1329 363 1358 396 Α
1376 373 1483 396 suum
1503 373 1577 395 non
1595 367 1675 395 erat
1688 371 1868 408 usurpare
1887 359 2082 396 convictus
2097 368 2152 396 est
2164 388 2174 406 ,
2198 374 2241 398 ea
2256 375 2367 411 quam

1382 417 1542 454 babebat
1565 418 1601 454 in
1622 426 1656 454 te
1677 426 1857 467 potestate
1883 417 2107 467 privaretur.
2124 423 2165 456 In
2185 428 2257 456 tam
2273 434 2368 458 exu-

1381 477 1527 514 beranti
1557 477 1757 522 beneflcio,
1778 478 1814 513 in
1840 486 1941 514 tanto
1961 479 2111 515 cumulo
2141 480 2366 529 gratiarum,

1381 546 1505 586 quote
1523 537 1668 587 largitio
1686 537 1812 573 diviua
1826 538 1931 586 quasi
1948 537 2075 573 obruit
2096 546 2132 574 et
2150 539 2366 585 confundit,

1381 597 1466 632 vide
1487 610 1532 631 ne
1549 597 1691 646 ingrata
1710 597 1769 632 sis.
1792 597 2023 645 Ingratitudo
2037 597 2135 633 enim
2156 607 2369 648 perempto-

1382 657 1433 692 ria
1463 664 1517 692 est
1553 656 1702 700 salutis,
1737 656 1815 705 ipsa
1843 664 1897 692 est
1931 656 2040 693 flatus
2069 657 2231 706 aspidis,
2265 658 2370 695 virus

1381 716 1513 759 animi,
1542 715 1658 751 uredo
1693 715 1872 751 virtutum
1888 743 1897 760 ,
1933 724 2067 752 ventus
2100 716 2301 766 pestilens,
2333 724 2370 752 et

1380 789 1466 811 aura
1483 787 1730 824 corrumpens
1748 774 1934 811 stillicidia
1951 775 2098 824 pietatis
2111 803 2121 821 ,
2141 789 2266 813 rorem
2281 788 2368 825 gra—

1381 835 1438 870 tiae
1454 842 1489 870 et
1511 833 1771 870 misericordiae
1790 833 1927 870 fluenta
1945 834 2146 871 desiccans.

1725 966 1898 1005 CAPUT
1926 966 2017 1005 XX.

1563 1083 1610 1111 De
1627 1079 1778 1111 beneficio
1803 1079 2024 1121 redemptionis
2037 1102 2045 1116 ,
2065 1085 2094 1110 et
2113 1079 2191 1110 aliis.

1430 1190 1493 1227 64.
1517 1191 1652 1228 Adime
1669 1190 1753 1226 dico
1771 1204 1778 1225 :
1800 1190 1894 1226 nihil
1912 1198 1967 1227 est
1985 1189 2085 1227 enim
2101 1188 2190 1225 satis
2205 1188 2344 1225 dictum
2358 1217 2368 1235 ‚

1376 1249 1477 1298 quod
1495 1263 1642 1299 semper
1661 1258 1716 1286 est
1729 1249 1928 1285 dicendum
1943 1278 1952 1294 ‚
1975 1257 2086 1297 atque
2109 1247 2371 1284 recordatione

1379 1308 1556 1344 continua
1574 1308 1845 1357 replicandum.
1868 1311 1956 1344 Eras
1976 1307 2025 1343 illi
2047 1306 2267 1356 gravissimo
2284 1319 2369 1342 cre-

1379 1367 1491 1403 ditori
1505 1395 1514 1412 ,
1534 1368 1707 1417 angelum
1721 1376 1859 1404 satanae
1881 1368 2040 1415 loquor,
2059 1366 2110 1402 illi
2134 1365 2286 1414 quidem
2303 1365 2371 1401 im-

1378 1426 1595 1463 manissimo
1622 1427 1806 1472 exactori,
1839 1435 1892 1462 tot
1922 1425 2057 1462 debitis
2089 1433 2183 1474 quot
2209 1424 2371 1474 peccatis

1377 1486 1529 1522 vinculo
1546 1486 1786 1535 chirographi
1802 1485 1962 1534 obligata
1975 1513 1984 1531 ,
2002 1498 2070 1521 nec
2081 1484 2264 1521 solvendo
2275 1496 2369 1521 eras.

1378 1547 1446 1582 Dei
1462 1553 1584 1581 autem
1602 1546 1717 1582 Filius
1734 1558 1807 1581 non
1829 1558 1912 1594 quae
1930 1551 2124 1594 rapuerat,
2138 1542 2202 1579 sed
2218 1555 2302 1592 quae
2317 1555 2372 1579 ra-

1379 1617 1533 1654 pueras,
1557 1618 1626 1654 pro
1647 1613 1681 1641 te
1714 1604 1825 1640 solvit
1843 1619 1850 1641 :
1866 1612 1925 1649 et,
1953 1603 2056 1652 quod
2086 1602 2255 1652 dignatio
2275 1615 2370 1652 pro—

1381 1664 1533 1713 pensior
1551 1672 1588 1700 et
1619 1664 1734 1713 gratia
1762 1663 1918 1700 uberior
1947 1671 2049 1707 erat,
2078 1675 2155 1698 non
2187 1661 2373 1712 delegavit

1379 1723 1492 1759 aliurn
1526 1722 1733 1759 debitorem
1748 1751 1757 1768 ,
1791 1722 1857 1759 sed
1879 1722 1982 1758 dedit
2003 1722 2165 1758 animam
2199 1734 2302 1758 suam
2333 1721 2371 1757 in

1380 1794 1526 1817 causam
1546 1790 1617 1817 tuae
1637 1782 1779 1818 salutis.
1800 1784 1970 1829 Cumque
1990 1781 2052 1816 ille
2074 1780 2228 1829 angelus
2245 1787 2370 1816 trans-

317 1841 353 1869 et
372 1834 489 1883 figura
508 1833 726 1872 substantiae
744 1835 825 1885 ejus
841 1843 868 1881 7,
901 1845 988 1886 post
1017 1838 1312 1874 exinanitionem
1329 1840 1356 1875 C
1377 1839 1462 1888 fuga
1476 1848 1512 1876 et
1529 1853 1724 1886 emansor,
1754 1849 1791 1876 te
1808 1840 1844 1876 in
1866 1838 2120 1876 detestabilem
2143 1847 2289 1888 peteret
2302 1851 2371 1874 an-

319 1906 438 1941 usque
467 1894 512 1930 ad
557 1894 714 1931 sormam
751 1894 903 1940 servi⁸‚
932 1904 1017 1946 post
1050 1897 1209 1942 samem,
1229 1906 1315 1947 post

317 1952 434 1997 sitim,
466 1961 550 2001 post
582 1953 859 2000 lassitudinem,
889 1963 974 2004 post
1002 1955 1205 2003 lacrymas,
1228 1964 1314 2004 post

315 2011 487 2057 vincula,
511 2021 594 2061 post
621 2013 788 2063 flagella,
819 2022 905 2063 post
937 2014 1004 2060 fel,
1027 2023 1113 2065 post
1137 2023 1281 2052 acetum
1299 2043 1309 2062 ,

315 2079 399 2119 post
419 2084 596 2109 coronam
614 2074 780 2122 spineam
796 2102 806 2118 ,
825 2083 910 2124 post
924 2075 1050 2111 clavos
1069 2083 1105 2110 et
1126 2075 1308 2119 lanceam,

317 2143 385 2178 pro
411 2131 529 2167 salute
557 2140 619 2168 tua
638 2132 736 2169 inter
765 2133 861 2170 duos
891 2134 1054 2170 latrones
1083 2134 1312 2183 quandoque

316 2189 505 2237 pendebat
532 2190 569 2226 in
598 2205 728 2236 cruce;
756 2193 874 2229 crucis
907 2193 1080 2242 equidem
1111 2207 1252 2231 cornua
1273 2195 1312 2232 in

318 2247 490 2283 manibus
509 2247 631 2296 ejus‘t,
655 2263 696 2285 ac
712 2251 758 2287 de
779 2251 853 2287 illis
873 2252 957 2300 pius
977 2252 1038 2288 ille
1060 2254 1312 2291 Samaritanus

318 2307 390 2341 tuis
409 2307 628 2344 vulneribus
653 2310 776 2345 oleum
803 2318 839 2345 et
867 2311 996 2346 vinum
1027 2312 1306 2350 infundebam.

317 2367 433 2399 Porro
448 2364 498 2400 ibi
517 2374 595 2401 erat
615 2366 834 2403 abscondita
853 2368 1034 2405 fortitudo
1053 2369 1134 2418 ejus
1149 2377 1155 2391 ¹
1168 2378 1192 2415 ¹,
1215 2380 1251 2407 et
1270 2373 1308 2408 in

317 2423 566 2460 amaritudine
595 2426 725 2461 mortis
745 2427 906 2462 dulcedo
927 2427 1019 2475 ejus.
1049 2430 1081 2463 Ο
1100 2442 1209 2475 qnam
1229 2444 1308 2465 ma-

315 2495 393 2527 gna
415 2485 607 2518 mullitudo
631 2486 839 2520 dulcedinis
859 2495 955 2529 tnoe,
991 2488 1172 2530 Domine,
1199 2502 1309 2535 quam

318 2540 544 2576 abwomlisti
560 2544 767 2579 timentibus
785 2553 818 2579 te
830 2551 856 2566 ¹²
877 2548 883 2581 ἔ
905 2549 946 2581 In
965 2546 1178 2582 testimonio
1190 2548 1308 2592 Isaiae,

1379 1899 1542 1935 cillatum
1559 1928 1568 1945 ,
1591 1900 1760 1937 Christus
1787 1899 1890 1935 litem
1924 1907 2058 1935 contra
2078 1907 2112 1934 te
2137 1898 2369 1948 propositam

1379 1971 1481 1994 suam
1525 1959 1622 1995 fecit.
1663 1963 1863 2007 Postquam
1899 1957 2066 1994 diversas
2098 1956 2370 2007 productiones

1378 2018 1527 2054 testium
1544 2047 1553 2063 ,
1586 2018 1707 2066 legum
1721 2045 1731 2062 ,
1770 2017 2010 2053 oraculorum
2027 2044 2038 2062 ,
2075 2016 2344 2066 prophetarum
2357 2042 2368 2060 ‚

1377 2076 1594 2125 signorum,
1626 2076 1776 2113 tandem
1804 2076 2001 2125 proprium
2030 2075 2248 2124 sanguinem
2278 2074 2370 2110 alle-

1377 2136 1477 2185 gavit
1496 2151 1505 2181 ;
1543 2134 1707 2171 obtinuit
1741 2134 1913 2183 allegatio
1945 2134 2007 2170 illa
2040 2142 2110 2170 tuae
2148 2132 2368 2170 sententiam

1378 2195 1579 2240 libertatis;
1601 2208 1715 2244 super
1734 2195 1876 2231 calculo
1893 2193 2104 2231 sententiali
2121 2193 2269 2241 scriptae
2284 2199 2371 2228 sunt

1378 2253 1510 2290 litterae
1527 2254 1563 2290 in
1582 2253 1800 2290 membrana
1819 2253 1949 2302 capitis
1964 2251 2152 2297 crucifixi,
2171 2259 2208 2287 et
2225 2251 2368 2287 contir—

1378 2321 1484 2348 matae
1502 2326 1521 2348 a
1536 2313 1672 2348 saeculo
1703 2312 1966 2349 misericordiae
1998 2319 2035 2347 et
2058 2310 2245 2356 veritatis,
2268 2310 2372 2360 pacis

1374 2370 1573 2419 etjustitiae
1593 2370 1828 2407 obviantium
1843 2370 1925 2406 sibi.
1952 2371 2125 2418 Denique
2144 2370 2369 2418 impressum

1375 2438 1430 2466 est
1450 2430 1631 2478 sigillum,
1649 2430 1756 2478 plaga
1775 2429 1914 2465 scilicet
1930 2429 2075 2472 lateris,
2096 2440 2208 2477 quain
2226 2428 2263 2463 in
2281 2439 2370 2476 pre—

1377 2488 1470 2524 tium
1488 2488 1757 2538 redemptionis
1772 2496 1906 2524 nostrae
1926 2496 1962 2523 et
1976 2488 2221 2537 placationem
2244 2486 2369 2523 conti-

1377 2560 1488 2583 nuam
1504 2547 1645 2596 jugiter
1659 2546 1811 2583 exbibet
1826 2555 1912 2583 ante
1932 2547 2063 2583 oculos
2081 2545 2211 2582 Patris.

323 2603 416 2635 Vere
432 2610 468 2635 tu
483 2615 520 2636 es
543 2605 638 2638 Deus
658 2603 911 2649 abscondam,
935 2609 1016 2642 Rex
1037 2608 1157 2641 bruel
1181 2609 1310 2642 Salva-
1330 2617 1361 2650 D
1430 2608 1492 2643 65.
1512 2607 1644 2643 Adbuc
1665 2615 1784 2643 exstat
1806 2608 1934 2642 titulus
1953 2606 2089 2642 cbartae
2112 2604 2314 2654 inscriptus
2330 2604 2369 2641 in

324 2668 382 2693 lor
396 2659 436 2693 ¹³.

373 2717 435 2753 63.
458 2718 689 2756 Moriebatur
705 2722 875 2758 Salvator
888 2730 993 2767 tuus,
1013 2723 1136 2759 anima
1152 2737 1257 2769 mea,
1277 2734 1316 2761 ut

321 2784 354 2811 te
384 2776 611 2814 vivificaret:
632 2780 768 2816 affixus
787 2789 865 2816 erat
886 2782 1005 2826 cruci,
1037 2791 1077 2818 ut
1098 2783 1315 2831 iniquitates

321 2843 402 2871 tuas
424 2837 587 2885 propriis
617 2838 791 2876 manibus
827 2841 926 2876 cruci
963 2841 1142 2891 affigeret.
1179 2846 1312 2880 Manus

321 2894 493 2931 elevabat
510 2896 554 2932 ad
575 2900 718 2934 Patrem
739 2899 774 2934 in
794 2901 1015 2936 sacrilicium
1034 2902 1309 2950 vespertinum,

322 2961 360 2988 ut
379 2962 413 2989 te
430 2953 475 2989 ad
497 2956 690 3005 amplexus
718 2958 931 2996 amicabiles
957 2961 1131 2996 invitaret
1149 2976 1155 2996 :
1173 2961 1309 2997 vitam-

320 3025 393 3060 que
414 3026 540 3058 suam,
563 3028 644 3063 quae
671 3017 762 3052 nulli
791 3027 870 3054 erat
901 3018 1065 3056 obnoxia
1088 3021 1218 3065 morti,
1241 3034 1310 3070 pro

321 3079 355 3106 te
380 3070 518 3108 obtulit
543 3073 588 3109 ad
613 3083 793 3121 mortem,
828 3086 866 3113 ut
899 3077 987 3114 duni
1010 3093 1029 3114 a
1061 3079 1230 3129 principe
1257 3088 1310 3115 te-

1385 2673 1496 2701 tantae
1527 2666 1716 2702 charitatis
1746 2666 1989 2709 memoriam3
2016 2665 2184 2713 sciasque
2211 2663 2313 2713 quod
2340 2664 2370 2700 si

1384 2732 1417 2760 te
1442 2725 1624 2772 ingratam
1649 2725 1806 2774 reperit,
1830 2738 1897 2760 nec
1917 2724 2012 2759 velle
2031 2723 2086 2759 uti
2107 2730 2210 2759 tanto
2228 2721 2373 2758 benefi-

1381 2784 1460 2829 cio3
1494 2784 1616 2832 exiget
1647 2797 1667 2820 a
1700 2792 1733 2819 te
1760 2783 2028 2820 districtissime
2056 2790 2214 2818 mortem
2242 2794 2369 2826 suam,

1379 2856 1588 2892 vereorque
1608 2843 1809 2892 nequando
1826 2841 2146 2891 indignantissime
2164 2840 2264 2877 dicat
2278 2840 2344 2877 tibi
2362 2854 2369 2875 :

1384 2903 1415 2936 T
1413 2906 1487 2937 olle
1507 2917 1658 2938 numum
1681 2913 1715 2938 el
1737 2908 1840 2937 mitte
1862 2907 1901 2939 in
1920 2904 2013 2936 lalus
2032 2914 2150 2936 meum
2172 2900 2368 2942 dextrum,

1377 2961 1481 2997 mitte
1497 2962 1632 3010 digitos
1655 2971 1738 2997 tuos
1757 2962 1954 3008 infixurus
1974 2963 2152 2996 clm-orum
2167 2961 2210 3005 ¹⁴¹,
2232 2967 2269 2995 et
2286 2957 2370 2994 vide

1375 3029 1515 3069 quanta
1534 3034 1602 3070 pro
1627 3029 1659 3057 te
1677 3034 1806 3070 passus
1829 3034 1925 3056 sum.
1949 3023 1980 3057 Ο
1997 3020 2140 3068 ingrata
2157 3027 2194 3055 et
2211 3016 2371 3054 crudelis

1376 3081 1568 3129 impietas!
1603 3093 1729 3116 nonne
1766 3088 1873 3129 putas
1899 3083 2020 3115 Deum
2051 3078 2096 3114 de
2132 3077 2276 3113 collatis
2303 3074 2371 3111 tibi

367 3217 374 3230 ¹
394 3210 510 3248 Isai.1,
528 3215 559 3241 2.
576 3229 619 3234 -
643 3212 836 3251 ²1¹sat.=.x=,
855 3218 884 3244 2.
906 3232 946 3236 —-
973 3213 985 3235 3
1012 3217 1092 3246 Psal.
1113 3228 1218 3247 xxxix
1232 3241 1239 3254 ‚
1258 3222 1287 3248 5.
1306 3236 1347 3240 —
1372 3218 1386 3244 ⁴¹
1407 3218 1487 3249 Psal.
1509 3230 1564 3248 xm
1581 3242 1588 3256 ‚
1609 3223 1639 3248 ὓ.
1658 3235 1698 3239 ——
1726 3215 1738 3238 ⁵
1753 3220 1869 3248 Jerem.
1898 3228 1954 3246 viu
1970 3240 1977 3252 ,
1998 3220 2051 3246 22.
2071 3233 2112 3237 -Δ
2131 3212 2146 3234 ⁶
2171 3211 2291 3245 cantic.
2314 3223 2346 3241 vn
2360 3237 2368 3250 ,

321 3265 370 3292 12.
393 3280 432 3284 -—
450 3262 580 3293 7}1‹·br.
607 3274 636 3298 1,
657 3267 687 3294 3.
706 3282 748 3286 —
768 3264 781 3286 ⁸
803 3265 940 3307 Philipp.
958 3278 1003 3303 ιι,
1025 3271 1054 3299 7.
1074 3287 1114 3291 -
1142 3274 1157 3298 9
1177 3270 1292 3302 Habac.
1314 3282 1370 3309 ιιι,
1393 3274 1424 3303 4.
1448 3289 1486 3294 -
1511 3277 1540 3292 ¹⁰
1564 3274 1637 3302 Luc,
1657 3282 1698 3309 x,
1718 3273 1770 3300 34.
1796 3287 1831 3291 ——
1860 3275 1884 3290 ¹¹
1908 3268 2024 3299 nahae.
2047 3278 2101 3303 ιιι,
2121 3269 2150 3297 li.
2176 3284 2217 3288 —-
2243 3271 2270 3286 ¹²
2288 3263 2366 3295 Psat.

312 3325 397 3351 xxx,
418 3318 469 3345 20.
492 3333 519 3336 —
552 3312 579 3335 ¹³
606 3315 674 3346 isai.
692 3328 766 3352 xiv,
794 3321 842 3348 15,
862 3336 897 3341 -
923 3319 949 3343 '⁴
965 3322 1057 3350 Joan.
1080 3331 1179 3358 xxix,
1200 3324 1253 3352 27.
