2418 3949
56 147 122 183 441

590 147 821 182 EPISTOLA
852 147 916 181 AD
947 128 1163 181 FRATRES
1192 144 1255 178 DE
1283 143 1572 179 MONTE-Dm.

2029 139 2104 177 442

1048 217 1098 236 ²¹²
1114 217 1203 254 dicit
1222 218 1425 268 propheta,
1443 220 1585 267 Septies
1607 221 1643 253 in
1662 218 1722 253 die
1740 218 1888 253 laudem
1906 218 1988 253 dixi
2002 216 2066 253 tibi
2080 224 2105 262 ¹3

421 293 596 331 CAPUT
626 293 678 331 X.

309 400 421 431 officia
440 406 469 431 et
494 400 645 431 exercitia
669 399 789 431 cellitae.

107 518 168 557 28.
186 519 291 557 Aude
305 520 414 556 etiam
433 533 707 568 nonnunquam
722 530 871 568 sapere,
884 526 922 553 et
934 529 1045 553 aemu-

52 579 120 615 lari
140 578 362 615 charismata
382 579 555 623 meliora,
578 587 615 614 et
634 587 671 614 tu
693 578 771 627 ipse
792 576 859 613 tibi
879 584 959 612 esto
980 589 1046 625 pa-

51 638 182 675 rabola
198 638 466 675 aedificationis.
486 639 567 675 Alia
583 639 674 674 cella
695 647 756 674 tua
780 637 958 681 exterior,
976 636 1045 672 alia

49 697 222 734 interior.
238 697 412 734 Exterior
427 705 482 733 est
498 696 633 733 domus
646 724 655 740 ‚
672 697 708 732 in
725 709 798 744 qua
813 695 954 732 habitat
966 694 1046 730 ani-

50 769 110 793 ma
128 765 188 793 tua
207 769 291 792 cum
311 768 472 804 corpore
491 764 556 792 tuo
574 770 581 791 :
600 756 759 791 interior
779 763 835 791 est
852 754 1046 791 conscien-

50 815 100 852 tia
121 822 204 858 tua,
227 827 338 863 quam
365 813 575 850 inhabitare
605 813 717 850 debet
745 814 915 849 omnium
942 813 1045 849 inte-

49 873 193 909 riorum
217 880 368 908 tuorum
389 871 546 908 interior
567 875 690 918 Deus,
706 885 791 908 cum
807 872 942 921 spiritu
965 880 1042 907 tuo.

50 931 195 969 Ostium
229 931 411 967 clausurae
443 931 661 977 exterioris,
695 931 842 979 siguum
872 939 928 966 est
962 930 1046 967 ostii

1067 280 1095 311 A
1115 278 1359 323 matutinum,
1377 291 1419 314 ac
1433 278 1689 328 vespertinum
1711 276 1951 323 sacrificium,
1970 289 2013 314 ac
2028 291 2108 313 me-

1111 336 1181 372 diae
1206 337 1325 373 noctis
1341 345 1396 373 est
1415 338 1576 373 maxime
1593 336 1885 373 observandum.
1904 339 1988 374 Non
2005 337 2105 373 enim

1111 395 1249 431 frustra
1267 396 1318 431 ait
1337 396 1540 445 propheta,
1566 398 1679 431 Mane
1699 396 1826 431 astabo
1847 395 1923 440 tibi,
1946 405 1981 431 et
1994 399 2106 432 vide—

1111 454 1154 489 bo
1168 461 1203 500 ²;
1236 455 1301 492 sed
1321 455 1408 503 quia
1429 463 1517 491 tuuc
1537 468 1558 491 a
1587 455 1686 491 curis
1707 454 1960 492 exterioribus
1985 455 2109 492 adhuc

1112 525 1239 549 sumus
1262 513 1385 562 jejuni
1413 528 1420 549 :

1114 576 1302 606 incensum
1330 577 1368 606 t'n
1396 581 1589 619 conspecta
1620 582 1678 607 tuo
1709 586 1719 605 .-

1448 522 1507 559 et,
1537 516 1733 561 Dirigalur
1755 519 1873 550 oratio
1897 528 1994 560 mea,
2019 520 2110 551 sscuc

1745 575 1896 607 elevatio
1931 587 2108 609 'nanuum

1112 643 1277 665 mearum
1310 631 1531 676 sacrificium
1567 630 1870 678 vespertinecm33
1898 632 1986 679 quia
2020 640 2109 669 tunc

1111 688 1158 725 ab
1185 688 1403 737 hujusmodi
1426 689 1707 738 impedimentis
1728 689 1805 738 jam
1827 690 2108 737 quodammodo

1111 747 1329 784 invenimur
1357 747 1502 796 digesti.
1529 748 1602 796 Qui
1630 757 1667 784 et
1697 748 1736 784 in
1757 749 1954 785 nocturnis
1974 751 2110 799 vigiliis

1112 807 1249 844 nostris
1282 806 1349 857 (in
1382 806 1520 856 quibus
1551 807 1673 843 media
1709 816 1820 844 nocte
1851 808 2037 857 surgimus
2063 810 2110 846 ad

1112 867 1369 903 confitendum
1389 867 1533 903 nomini
1554 867 1732 917 Domini)
1749 867 1992 904 consessionis
2011 867 2113 916 ejus-

1113 926 1197 962 dem
1225 926 1397 963 ordinem
1418 935 1623 963 contexens
1647 941 1654 962 :
1680 929 1724 962 In
1743 929 1818 971 die,
1838 927 1978 975 inquit,
1996 928 2111 964 tribu-

48 991 397 1040 circumspectionis
419 990 630 1027 interioris:
649 998 689 1026 ut
703 990 797 1026 sicut
817 1002 946 1026 sensus
963 1002 1048 1025 cor-
1067 985 1094 1019 B
1113 988 1268 1021 lationis
1289 1000 1384 1021 meoe
1398 989 1516 1021 Deum
1537 990 1728 1034 exquisivi,
1746 985 1919 1021 manibus
1933 992 2025 1022 meis
2040 1000 2110 1022 ηο-

49 1050 153 1100 poris
167 1063 236 1100 per
251 1051 476 1087 exteriorem
495 1050 706 1086 clausuram
723 1050 813 1086 soris
829 1049 955 1098 vagari
969 1061 1046 1084 non

48 1110 342 1158 permittuntur3
377 1110 428 1146 sic
464 1109 664 1145 interiores
697 1121 827 1145 sensus
859 1108 906 1144 ad
936 1121 1046 1144 suum

49 1179 196 1217 semper
215 1167 373 1204 interius
397 1165 658 1203 cohibeantur.
690 1167 812 1216 Dilige
835 1180 926 1216 ergo
947 1167 1046 1203 inte-

49 1225 188 1262 riorem
206 1226 338 1262 cellam
362 1234 462 1262 tuam
475 1255 484 1269 ,
505 1226 616 1275 dilige
636 1226 884 1273 exteriorem3
903 1234 940 1262 et
958 1226 1046 1262 uni-

49 1285 186 1335 cuique
215 1298 323 1322 suum
354 1285 530 1335 impende
559 1286 715 1322 cultum.
738 1289 853 1335 Tegat
879 1294 913 1322 te
941 1294 1048 1322 exte-

49 1343 140 1389 rior,
153 1356 230 1380 non
246 1343 451 1380 abscondat
467 1357 474 1379 :
490 1357 565 1380 non
580 1352 761 1394 utpecces
772 1345 968 1390 occultius,
983 1343 1048 1381 sed

50 1410 91 1440 ut
116 1403 233 1440 tutius
256 1403 378 1440 vivas.
396 1407 481 1440 Non
505 1404 603 1440 enim
624 1404 714 1449 scis,
735 1417 757 1440 o
778 1404 882 1441 rudis
902 1405 1024 1441 incola
1038 1433 1048 1450 ,

50 1462 142 1512 quid
169 1463 273 1499 cellae
299 1462 455 1509 debeas,
479 1464 509 1500 si
531 1477 607 1500 non
636 1464 777 1513 cogitas
797 1464 991 1513 quomodo
1009 1465 1047 1500 in

49 1535 114 1568 ea,
145 1534 222 1558 non
252 1522 492 1559 solummodo
521 1536 542 1559 a
570 1523 671 1559 vitiis
697 1524 769 1559 tuis
796 1524 959 1570 curaris,
983 1523 1048 1560 sed

49 1581 160 1617 etiam
175 1594 252 1618 non
267 1581 404 1618 habeas
421 1582 534 1618 rixari
551 1595 636 1618 cum
649 1582 790 1618 alienis.
806 1582 933 1618 Nescis
947 1582 1046 1618 enim

50 1651 162 1688 quem
194 1640 432 1676 conscientiae
462 1647 534 1675 tuae
569 1638 706 1675 debeas
731 1639 939 1684 honorem,
959 1639 1046 1688 qui-

49 1711 214 1748 cumque
233 1699 272 1735 in
290 1711 332 1735 ea
356 1711 430 1735 non
450 1698 632 1748 experiris
649 1699 804 1747 gratiam
825 1699 942 1735 sancti
961 1700 1048 1748 Spi-

1113 1054 1166 1081 cte
1186 1054 1312 1080 contra
1329 1059 1426 1089 eum,
1447 1054 1483 1080 et
1496 1058 1568 1080 non
1587 1059 1666 1080 sum
1684 1044 1892 1093 deceplusl.
1911 1046 1995 1081 Istis
2011 1047 2111 1082 enim

1112 1103 1216 1140 horis
1235 1104 1472 1153 potissimum
1489 1116 1614 1140 coram
1637 1107 1718 1140 Deo
1740 1103 1921 1140 debemus
1943 1113 2112 1142 nosmet-

1112 1165 1213 1215 ipsos
1243 1165 1473 1201 constituere
1502 1166 1608 1213 quasi
1638 1164 1728 1200 facie
1757 1164 1802 1200 ad
1833 1164 1986 1210 faciem,
2010 1174 2048 1202 et
2073 1165 2111 1201 in

1114 1224 1256 1260 lumine
1286 1224 1414 1260 vultus
1443 1223 1524 1272 ejus
1557 1224 1796 1273 perspicere,
1830 1222 2113 1260 tribulationem

1114 1293 1151 1321 et
1182 1284 1351 1320 dolorem
1381 1282 1492 1320 nobis
1518 1284 1565 1320 de
1594 1283 1704 1320 nobis
1732 1283 1822 1333 ipsis
1850 1284 2046 1330 invenire,
2076 1293 2114 1321 et

1114 1357 1252 1381 nomen
1287 1344 1356 1380 Dei
1386 1344 1584 1389 invocare,
1616 1343 1807 1393 scopendo
1835 1344 2010 1393 spiritum
2040 1357 2112 1381 no·—

1115 1412 1250 1449 strum‚
1268 1404 1389 1440 donec
1408 1404 1625 1449 incalescat;
1647 1403 1811 1440 abiendo
1826 1403 1871 1440 ad
1891 1404 2111 1441 memoriam

1114 1462 1354 1499 abundantiae
1381 1463 1574 1499 suavitatis
1601 1476 1698 1507 suae,
1721 1462 1842 1499 donec
1867 1462 1947 1512 ipse
1968 1463 2005 1498 in
2024 1476 2112 1500 cor—

1114 1521 1226 1558 dibus
1246 1522 1383 1558 nostris
1403 1521 1604 1558 dulcescat.
1624 1521 1696 1558 Sed
1716 1530 1804 1558 tune
1823 1523 1984 1558 maxime
2002 1521 2113 1558 nobis

1114 1580 1300 1629 agendum
1324 1588 1399 1625 est,
1425 1580 1528 1629 quod
1560 1581 1654 1616 dixit
1685 1582 1911 1630 Apostolus,
1938 1583 2043 1617 Malo
2074 1587 2112 1617 in

1114 1644 1267 1676 ecclesia
1296 1645 1460 1688 quinque
1486 1643 1590 1688 loqui
1612 1639 1729 1676 verba
1754 1655 1860 1676 sensu
1881 1655 1975 1686 meo,
2001 1655 2112 1689 quam

1114 1702 1238 1734 decem
1260 1702 1380 1734 millia
1401 1699 1592 1735 verborum
1612 1703 1692 1734 sine
1709 1702 1898 1735 intellectu
1916 1714 1926 1734 .·
1947 1708 1983 1736 et
1999 1700 2114 1746 illud,

51 1758 164 1804 ritus,
179 1766 216 1794 et
235 1759 393 1794 internae
413 1758 606 1795 suavitatis
623 1757 872 1794 dulcedinem.
889 1762 945 1794 Da
960 1771 1049 1806 ergo
1069 1760 1095 1795 C
1117 1760 1283 1794 Psallam
1311 1763 1456 1806 spiritu,
1476 1761 1645 1806 psallam
1674 1768 1708 1794 ec
1731 1769 1852 1794 mente
1872 1773 1882 1793 .·
1901 1758 2016 1794 orabo
2041 1763 2117 1807 spi—

51 1817 202 1865 utrique
227 1817 330 1853 cellae
356 1818 539 1853 honorem
569 1830 701 1861 suum,
724 1825 760 1852 et
786 1825 826 1852 tu
857 1816 923 1852 tibi
943 1816 979 1852 in
1007 1829 1050 1853 ea

52 1874 202 1911 vindica
223 1876 424 1925 primatum
448 1884 566 1912 tuum.
591 1875 698 1912 Disce
725 1876 760 1911 in
783 1887 826 1911 ea
843 1874 1050 1911 secundum

54 1934 266 1970 communis
298 1934 456 1971 instituti
491 1935 590 1983 leges
624 1943 661 1970 tu
699 1933 765 1970 tibi
799 1946 982 1983 praeesse,
1016 1942 1052 1970 et

56 1993 173 2029 vitam
190 1993 385 2038 ordinare,
403 2002 439 2029 et
456 2006 580 2030 mores
595 2006 839 2042 componere,
859 2001 895 2029 et
917 2001 1051 2030 temet-

56 2053 178 2102 ipsum
203 2052 394 2101 judicare,
429 2061 462 2089 te
488 2053 611 2103 ipsum
642 2053 742 2102 apud
773 2061 807 2088 tc
830 2053 954 2102 ipsum
988 2066 1049 2089 ac-

55 2124 205 2157 cusare,
241 2125 338 2161 saepe
375 2112 485 2148 etiam
521 2111 793 2156 condemnare,
827 2125 895 2148 nec
924 2112 1051 2161 impu-

55 2170 174 2206 nitum
202 2170 402 2207 dimittere.
428 2170 561 2207 Sedeat
581 2170 757 2219 judicans
779 2170 924 2219 justitia
946 2186 953 2207 :
979 2179 1051 2207 stet

55 2242 118 2266 rea
137 2238 173 2266 et
197 2242 236 2266 se
257 2230 376 2279 ipsam
400 2243 578 2266 accusans
599 2230 840 2266 conscientia.
865 2234 984 2267 Nemo
1013 2240 1047 2267 te

53 2289 138 2337 plus
165 2288 303 2338 diligit,
335 2302 448 2326 nemo
480 2298 514 2325 te
544 2289 689 2326 fidelius
717 2289 914 2338 judicabit.

107 2346 170 2384 29.
202 2351 336 2394 Mane,
367 2348 565 2398 praeteritae
594 2349 714 2385 noctis
735 2349 790 2385 fac
810 2362 831 2385 a
856 2350 1052 2399 temetipso

53 2407 300 2453 exactionem,
317 2415 353 2443 et
371 2416 541 2443 venturae
560 2407 632 2444 diei
651 2417 689 2444 tu
711 2407 777 2445 tibi
798 2408 954 2444 indicito
971 2422 1054 2445 cau-

54 2466 230 2503 tionem³.
253 2469 429 2516 Vespere,
450 2466 523 2503 diei
550 2467 748 2517 praeteritae
772 2467 957 2503 rationem
978 2467 1055 2503 exi-

1119 1823 1209 1859 rem,
1237 1817 1348 1852 orabo
1371 1827 1405 1852 ec
1429 1817 1585 1854 tnenle⁵.
1608 1820 1712 1854 Tunc
1734 1817 1833 1853 enim
1856 1818 1971 1854 menti
1992 1827 2028 1854 et
2045 1819 2118 1868 spi-

1119 1877 1205 1913 ritui
1225 1876 1451 1926 aggregandi
1471 1885 1559 1913 sunt
1583 1876 1725 1913 fructus
1748 1877 1824 1921 sui,
1841 1885 1882 1912 ut
1903 1877 2040 1914 exinde
2056 1877 2117 1913 vel

1118 1936 1154 1972 in
1177 1934 1408 1972 abundantia
1425 1934 1699 1972 benedictionis
1719 1935 1787 1972 Dei
1804 1935 1841 1971 in
1863 1936 2026 1984 quietem
2049 1949 2118 1973 no-

1118 1994 1185 2031 ctis
1202 1994 1414 2030 relaxemur
1435 2008 1442 2030 :
1461 1994 1517 2029 vel
1539 1992 1782 2043 surgentibus
1799 1992 1910 2030 nobis
1925 1994 1971 2030 ad
1989 1994 2118 2031 laudes

1117 2054 1203 2098 Dei,
1224 2053 1348 2090 omnis
1368 2052 1504 2089 exinde
1527 2061 1636 2088 tenor
1661 2053 1785 2102 operis
1807 2053 1924 2089 nostri
1945 2054 1981 2089 in
2000 2054 2117 2103 ipsius

1116 2111 1290 2148 laudibus
1309 2112 1492 2148 formetur
1509 2125 1550 2148 ac
1568 2111 1790 2148 vivificetur.
1803 2112 1949 2148 Idcirco
1965 2113 2002 2148 in
2021 2127 2117 2162 prae-

1116 2170 1313 2207 veniendis
1341 2171 1535 2207 nocturnis
1555 2170 1693 2220 vigiliis
1712 2167 1788 2207 non
1813 2171 1965 2220 expedit
1986 2172 2115 2208 multi—

1122 2229 1252 2265 tudine
1272 2229 1504 2278 psalmorum
1533 2227 1696 2265 obruere
1720 2230 1950 2265 intellectum
1968 2258 1978 2275 ,
2001 2239 2037 2266 et
2054 2244 2120 2267 cx-

1118 2289 1270 2325 haurire
1287 2288 1456 2338 spiritum
1471 2317 1480 2333 ,
1500 2288 1557 2324 vel
1575 2289 1826 2338 exstinguere.
1848 2288 1918 2325 Sed
1938 2290 2118 2337 quamdiu

1118 2347 1267 2385 sobrius
1281 2348 1496 2392 invenitur,
1519 2348 1647 2396 pietati
1664 2348 1883 2384 afficiendus
1900 2357 1954 2384 cst
1967 2377 1976 2393 ,
1996 2358 2032 2385 et
2050 2363 2117 2386 suo

1120 2408 1253 2444 itinere
1268 2406 1487 2456 dirigendus
1499 2407 1543 2442 ad
1559 2410 1678 2443 Deum
1699 2422 1706 2443 z
1728 2407 1849 2443 donec
1868 2407 2021 2444 dilatato
2038 2423 2116 2446 cor-

1124 2467 1169 2502 de
1191 2479 1343 2502 currere
1363 2466 1518 2515 incipiat
1541 2479 1660 2514 usque
1680 2466 1726 2502 ad
1747 2468 1856 2502 linem
1883 2469 2008 2517 operis
2029 2470 2117 2514 Dei,

53 2538 120 2574 ge,
135 2533 172 2562 et
187 2525 491 2575 supervenientis
508 2525 628 2562 noctis
648 2525 703 2562 fac
720 2525 978 2562 indictionem.
994 2526 1053 2563 Sic
1070 2534 1100 2567 D
1118 2524 1359 2576 postmodum
1383 2525 1540 2561 fervoris
1561 2525 1618 2560 sui
1644 2525 1796 2560 modum
1814 2553 1823 2569 ,
1843 2526 1919 2562 sive
1948 2534 2117 2563 tenorem

53 2584 220 2622 districto
236 2598 472 2634 nequaquam
498 2585 563 2621 tibi
587 2585 790 2634 aliquando
805 2586 974 2621 lascivire
990 2599 1051 2622 va-

53 2642 163 2680 cabit.
180 2643 343 2693 Singulis
362 2643 466 2680 horis
486 2644 693 2680 secundum
708 2645 920 2681 communis
938 2645 1049 2681 insti-

55 2703 124 2740 tuti
144 2715 327 2740 canonem
348 2716 414 2740 sua
435 2702 617 2740 distribue
637 2704 838 2740 exercitia:
860 2705 918 2740 cui
935 2705 1050 2753 spiri—

54 2762 184 2809 tualia,
200 2763 426 2813 spiritualia;
445 2763 503 2799 cui
524 2763 749 2812 corporalia,
764 2764 995 2813 corporalia:
1011 2765 1049 2800 in

53 2820 190 2870 quibus
207 2821 258 2858 sic
277 2822 448 2858 exsolvat
465 2834 577 2858 omne
595 2820 763 2858 debitum
781 2822 934 2871 spiritus
948 2826 1048 2867 Deo,

52 2893 190 2931 corpus
215 2880 385 2930 spiritui,
407 2889 448 2917 ut
469 2881 499 2916 si
524 2881 614 2930 quid
639 2881 750 2917 suerit
771 2881 1024 2917 intermissum
1038 2909 1046 2924 ‚

54 2939 84 2976 si
104 2939 195 2989 quid
220 2939 503 2989 imperfectum,
522 2953 590 2976 suo
611 2940 745 2986 modo,
767 2954 836 2976 suo
857 2941 939 2976 loco
953 2970 961 2986 ‚
982 2954 1050 2976 suo

56 3005 223 3049 tempore
241 3012 316 3035 non
333 2999 440 3035 abeat
457 3000 683 3049 impunitum
696 3028 705 3045 ,
725 3001 782 3036 vel
800 3001 1051 3049 irrecompen-

55 3066 187 3095 satum.
214 3062 255 3096 In
277 3059 433 3108 quibus,
460 3068 566 3096 extra
589 3060 670 3096 illas
691 3060 800 3096 horas
815 3088 823 3103 ,
848 3059 895 3095 de
914 3059 1052 3107 quibus

1117 2584 1334 2628 habiturus;
1356 2583 1426 2619 nisi
1448 2596 1580 2633 magna
1604 2584 1848 2620 intercidatur
1867 2586 2115 2635 negligentia,

1118 2645 1174 2680 vel
1196 2644 1390 2680 omittatur
1413 2643 1626 2679 voluntaria
1648 2644 1808 2680 miseria.

1170 2706 1231 2741 30.
1257 2704 1332 2740 Scit
1352 2704 1461 2739 etiam
1480 2704 1709 2752 quicumque
1726 2716 1876 2740 sensum
1895 2704 2029 2740 Clu-isti
2051 2705 2117 2742 lia-

1118 2762 1196 2807 bet,
1213 2771 1394 2812 quantum
1415 2762 1542 2811 pietati
1561 2762 1770 2799 christianae
1788 2763 1976 2812 expediat,
1994 2777 2116 2812 quan-

1119 2831 1195 2858 tum
1216 2822 1280 2857 Dei
1299 2834 1462 2866 servum,
1477 2830 1513 2856 et
1527 2834 1602 2857 sei-x
1617 2835 1676 2857 um
1697 2822 1967 2871 redemptionis
1983 2824 2118 2861 Christi

1117 2882 1243 2917 deceat
1262 2889 1298 2915 et
1314 2881 1403 2915 utile
1417 2880 1449 2915 ei
1467 2880 1525 2923 sit,
1545 2894 1617 2916 una
1635 2881 1764 2916 saltem
1784 2881 1907 2930 aliqua
1923 2881 1995 2918 diei
2011 2883 2115 2927 liora,

1119 2940 1301 2990 passionis
1330 2948 1365 2974 ct
1399 2939 1669 2989 redemptionis
1696 2940 1814 2990 ipsius
1846 2942 2022 2978 attentius
2051 2955 2114 2978 re-

1117 3000 1238 3035 colere
1259 2998 1438 3034 beneficia
1455 3026 1464 3042 ‚
1487 2998 1533 3034 ad
1559 2998 1758 3035 fruendum
1777 3000 1943 3036 suaviter
1964 3001 1998 3036 in
2025 3015 2116 3037 con-

1118 3059 1288 3100 scientia,
1306 3066 1342 3094 et
1364 3058 1644 3095 recondendum
1668 3059 1826 3095 liaelelitcr
1847 3060 1883 3095 in
1906 3061 2082 3096 memoria
2107 3076 2113 3095 z

107 3191 113 3204 ¹
132 3185 211 3216 Psal.
228 3189 442 3223 cxv111,16'i.
456 3204 497 3209 —-
516 3192 527 3207 ²
544 3188 622 3218 l’sal.
641 3199 670 3221 v.
689 3191 718 3217 ζ),
737 3205 773 3209 -
796 3186 899 3217 ³1‘sat.
917 3198 977 3217 ex:¹
993 3212 999 3222 ,
1020 3186 1230 3217 ‘›..--t1‘sat.
1253 3189 1416 3218 rxxvi.·'l.
1443 3204 1476 3209 -ο
1501 3184 1720 3217 ⁵111011x1v.
1746 3190 1783 3216 1³.»
1797 3210 1803 3218 ,
1831 3190 1880 3215 ts».

105 3249 116 3263 δ
134 3243 234 3281 111135,
253 3256 415 3276 canonem.
433 3246 455 3283 ·1·
