2418 3949
184 200 255 237 713

785 206 1067 241 TRACTATUS
1097 205 1160 238 DE
1189 205 1440 241 INI'ERIORI
1468 207 1619 243 DOMO.
2151 214 2219 250 711

182 277 336 314 inimico
356 291 441 315 meo
463 280 510 316 de
536 292 595 316 me
618 279 828 318 dominium
850 281 1060 328 tradidere,
1083 278 1355 317 cum⁵⁴⁷litiam
1378 282 1450 317 mei
1470 283 1631 331 pectoris
1653 283 1882 333 deprehendi
1905 287 2092 324 timebam.
2115 294 2221 327 Sem—

181 344 301 372 morte
322 336 443 374 foedus
467 337 608 383 iniere,
635 346 787 387 paetum
806 340 983 390 pepigere
1003 352 1086 376 cum
1111 339 1168 374 in-
1185 337 1217 371 A
1236 351 1305 387 per
1329 352 1429 375 eram
1450 340 1482 375 ei
1508 352 1680 386 amarus,
1714 350 1750 377 et
1783 356 1974 392 nunquam
2001 355 2124 383 certus
2149 363 2156 384 :
2186 359 2222 386 et

179 393 297 430 ferno.

492 513 668 552 CAPUT
700 514 852 553 XVIII.

181 633 316 666 Ulterior
341 636 494 666 accusatio
520 635 654 677 propriae
679 635 866 677 iniquitatis,
894 637 1063 677 praesertim
1087 637 1167 667 circa

352 689 458 720 vitium
477 689 618 727 invidiae,
639 688 722 727 odii,
737 689 913 730 jactantiae,
932 695 990 720 etc.

230 815 291 852 30.
309 815 421 864 Eripe
440 828 499 851 me
513 843 523 860 ‚
541 815 703 852 Domine
716 844 726 861 ‚
748 816 795 852 ab
812 817 965 853 homine
986 817 1084 853 malo
1097 845 1107 862 ,
1128 817 1164 852 id

177 881 252 919 est,
279 887 299 910 a
328 887 387 910 me
412 874 515 923 ipso;
548 888 569 910 a
599 888 675 924 quo
696 876 871 912 recedere
901 889 977 912 non
997 889 1162 925 possum.

176 935 269 969 Nam
292 946 533 982 quocumque
561 947 621 970 me
647 942 779 981 verto,
810 935 897 971 vitia
927 948 1007 971 mea
1029 949 1088 971 me
1109 947 1167 971 se-

178 1001 348 1040 quuntur
375 1008 383 1029 :
420 992 649 1042 ubicumque
676 994 793 1039 vado,
827 995 1056 1031 conscientia
1085 1008 1166 1030 mea

1232 396 1283 432 ita
1309 398 1449 433 amicus
1479 411 1580 434 eram
1613 399 1771 445 diaboli,
1792 410 1828 436 et
1849 402 2023 440 inimicus
2054 408 2140 443 mei.
2162 413 2219 445 In-

1234 464 1291 492 ter
1307 457 1445 493 amicos
1462 457 1665 495 discordias
1685 460 1883 507 seminavi,
1904 461 2161 503 discordantes
2181 469 2217 504 iu

1233 515 1464 553 dissensione
1483 518 1703 554 confirmavi
1717 547 1726 563 ‚
1753 520 1950 569 opiniones
1967 536 2098 561 eorum
2117 541 2219 564 men·

1233 574 1347 612 daciis
1364 576 1579 613 deeoloravi
1593 606 1602 623 ‚
1624 578 1660 613 in
1683 579 1938 627 spiritualibus
1958 586 2119 622 carnalia
2140 589 2213 625 lau-

1233 633 1337 678 davi,
1364 644 1404 671 ut
1436 636 1643 684 spiritualia
1664 636 1763 673 bona
1789 639 1840 674 eis
1862 639 1988 678 deesse
2013 648 2218 692 persuade-

1232 706 1325 730 rem.
1354 695 1544 731 Amicitias
1563 696 1757 739 simulavi,
1779 705 1819 732 ut
1843 712 1907 734 eos
1926 703 1989 749 qui
2014 716 2051 739 se
2071 706 2219 745 incaute

1232 753 1321 789 mihi
1352 754 1657 799 committebant,
1689 769 1764 804 qua
1788 770 1935 805 possem
1965 770 2043 798 arte
2069 764 2218 815 decipe-

1231 825 1323 849 rem.
1355 813 1537 850 Odiorum
1567 814 1655 850 mihi
1681 816 1915 853 occasionem
1946 823 2071 868 pravis
2098 829 2220 875 suspi-

1233 871 1404 908 cionibus
1430 874 1669 919 coacervavi;
1691 883 1726 910 et
1748 875 1799 910 ita
1819 875 2008 915 daemones
2023 909 2031 924 ‚
2059 895 2218 930 quorum

1234 931 1330 968 sacta
1357 931 1542 978 sectabar,
1572 933 1770 969 laetiticavi.
1801 936 1928 972 Multis
1954 939 2058 976 velut
2081 945 2221 982 amicus

1234 990 1285 1026 sui
1312 990 1350 1026 in
1378 990 1581 1040 obsequio,
1606 992 1725 1029 hostis
1747 993 1783 1028 in
1811 995 1957 1042 animo,
1985 1010 2158 1050 comptus
2184 1005 2220 1041 in

179 1063 256 1087 non
277 1064 336 1088 me
360 1051 519 1097 deserit,
545 1052 610 1089 sed
633 1065 798 1102 praesens
817 1053 975 1100 assistit,
993 1062 1030 1089 et
1051 1052 1166 1102 quid-
1187 1052 1214 1085 B
1234 1049 1352 1087 verbo
1366 1080 1375 1095 ,
1394 1051 1514 1100 turpis
1531 1051 1567 1087 in
1588 1053 1696 1088 facto.
1716 1054 1890 1090 Proditor
1911 1056 1960 1092 sui
1976 1070 2220 1109 secretorum,

178 1110 270 1158 quid
298 1110 409 1157 facio,
438 1110 576 1147 scribit.
598 1111 744 1148 Idcirco
764 1125 979 1161 quanquam
1000 1111 1165 1148 humana

179 1168 446 1219 subterfugiam
474 1169 638 1218 judicia,
669 1169 854 1218 judicium
884 1171 1049 1220 propriae
1074 1183 1165 1207 con-

178 1229 341 1265 scicntiae
361 1230 488 1278 sugere
508 1243 583 1266 non
604 1230 722 1266 valeo.
746 1233 791 1266 Et
807 1230 836 1266 si
853 1229 1069 1266 hominibus
1086 1230 1166 1266 celo

179 1287 282 1337 quod
308 1289 388 1338 egi,
410 1289 501 1325 mihi
528 1297 672 1335 tamen,
692 1289 755 1338 qui
777 1289 865 1325 novi
896 1289 1035 1325 malum
1063 1289 1166 1338 quod

178 1348 295 1397 gessi,
315 1348 435 1384 celare
451 1362 610 1398 nequeo.
625 1350 773 1398 Proprii
797 1358 921 1386 reatus
941 1349 1169 1385 conscientia

178 1419 256 1443 non
281 1420 340 1444 me
362 1408 597 1457 requiescere
624 1409 729 1454 sinit,
753 1407 818 1445 sed
845 1408 891 1444 de
918 1407 977 1444 die
1004 1408 1041 1444 in
1069 1409 1166 1444 diem

178 1466 424 1503 vehementer
444 1480 501 1503 me
520 1475 688 1516 torquet,
709 1476 745 1503 et
765 1467 811 1503 de
829 1467 888 1503 die
901 1467 1033 1516 judicii
1050 1467 1168 1503 vehe—

178 1526 342 1562 mentius
370 1534 497 1562 terret.
528 1530 619 1563 Nam
646 1527 683 1562 in
708 1525 767 1561 die
783 1526 845 1562 illa
879 1539 964 1562 cum
984 1526 1168 1562 Dominus

179 1584 226 1621 ad
239 1585 424 1633 judicium
441 1586 609 1630 venerit,
629 1585 924 1634 uniuscujusque
941 1586 1168 1622 conscientia

180 1645 227 1681 ad
242 1645 496 1682 testimonium
516 1645 724 1681 adducetur
737 1674 746 1690 ‚
763 1653 800 1681 et
814 1653 947 1694 aperto
964 1644 1062 1681 libro
1080 1658 1170 1681 con-

181 1705 363 1750 scientiae,
387 1705 510 1741 omnis
530 1704 640 1753 culpa
663 1713 749 1740 ante
776 1704 907 1740 oculos
934 1704 1135 1740 reducetur
1158 1719 1166 1741 :

180 1773 290 1814 atque
311 1765 360 1800 ita
380 1771 536 1812 cogente
558 1764 803 1809 conscientia,
822 1764 1082 1813 unusquisque
1098 1764 1168 1800 erit

179 1830 374 1860 accusator
394 1822 560 1871 etjudex
582 1836 682 1859 suus.
706 1827 909 1873 Propterea
929 1832 1087 1860 statuam
1108 1835 1166 1859 me
1186 1821 1214 1857 C

180 1892 266 1920 ante
284 1896 362 1927 me,
382 1891 418 1918 et
431 1881 612 1931 judicabo
632 1896 690 1919 me
707 1883 828 1932 ipsum
843 1911 852 1928 ,
872 1892 913 1919 ut
931 1883 1028 1919 illius
1045 1891 1169 1919 extre-

179 1956 250 1980 mae
271 1951 309 1978 et
325 1941 528 1978 tremendae
549 1941 622 1977 diei
634 1941 818 1990 judicium
834 1942 993 1979 evadere
1011 1943 1164 1992 possim.

180 2005 342 2039 Damnat
365 2013 425 2037 me
453 2000 681 2036 conscientia
702 2014 803 2044 mea,
827 2015 1041 2050 quanquam
1069 2001 1168 2037 divi-

182 2075 272 2098 num
300 2060 483 2109 judicium
520 2059 690 2095 nondum
726 2072 784 2096 me
816 2060 979 2096 damnet.
1014 2066 1172 2097 Accusat

183 2134 242 2158 me
264 2119 310 2156 de
331 2117 552 2164 homicidio,
577 2117 680 2167 quod
701 2119 729 2154 si
752 2131 867 2167 opere
892 2131 967 2154 non
990 2119 1078 2163 feei,
1101 2132 1170 2154 vo-

181 2180 323 2216 luntate
345 2186 466 2214 tamen
491 2190 532 2213 ac
558 2176 744 2213 desiderio
765 2190 863 2226 saepe
883 2177 1022 2226 peregi.
1046 2182 1169 2214 Accu-

180 2247 236 2275 sat
254 2251 313 2274 me
326 2237 372 2273 de
389 2236 594 2281 adulterio,
609 2245 646 2272 et
661 2236 793 2272 eodem
810 2236 923 2273 modo
940 2237 1168 2287 respondeO.

178 2303 338 2336 Accusat
364 2309 423 2332 me
450 2296 495 2332 de
515 2295 678 2341 invidia3
700 2297 884 2332 confiteor
909 2305 945 2332 et
963 2309 1052 2344 eg0,
1075 2310 1170 2345 quo-

177 2357 278 2394 niam
299 2355 441 2392 invidia
461 2355 663 2403 saepissime
683 2368 750 2391 cor
770 2368 893 2391 meum
916 2355 1080 2391 laniavit.
1100 2358 1170 2391 Per

178 2415 359 2453 invidiam
395 2426 578 2462 namque,
614 2422 742 2450 sancte
772 2414 981 2450 viventium
1014 2414 1145 2450 merita
1159 2442 1168 2458 ,

180 2488 263 2512 mea
283 2475 351 2511 feci
368 2472 574 2510 invidendo
591 2481 756 2522 peccata.
777 2475 870 2508 Nam
895 2472 994 2509 bona
1016 2486 1100 2522 quae
1122 2471 1168 2508 ab

180 2535 234 2570 eis
259 2534 358 2580 fieri,
385 2533 442 2569 vel
464 2533 536 2568 dici
558 2531 754 2568 audiebam
773 2560 781 2576 ,
809 2546 897 2568 vera
917 2533 1073 2568 omnino
1094 2545 1170 2568 non

181 2592 378 2630 credebam
412 2606 419 2627 ι

182 2652 277 2688 male
294 2649 578 2699 interpretando
595 2649 875 2685 convertebam.
894 2653 1014 2687 Omne
1029 2651 1167 2687 malum

181 2710 285 2759 quod
321 2709 367 2745 de
401 2709 472 2744 illis
502 2709 663 2744 mendax
696 2709 792 2745 sama
821 2708 1010 2756 jactabat,
1045 2711 1168 2746 statim

183 2778 360 2818 tanquam
394 2769 421 2804 si
456 2781 524 2817 ego
555 2768 754 2814 vidissem,
791 2768 1002 2806 credebam.
1037 2771 1169 2807 Omnia

183 2828 279 2864 mala
297 2828 388 2863 meis
405 2827 548 2864 aemulis
573 2826 756 2875 fingebam
770 2856 779 2872 ,
798 2836 833 2863 ct
853 2841 897 2864 cx
917 2829 1087 2877 prosectu
1106 2843 1171 2865 eo-

185 2900 267 2923 rum
294 2885 525 2922 deficiebam.
554 2889 641 2922 llaec
658 2899 748 2922 vero
769 2887 854 2923 odia
881 2887 978 2924 intra
999 2901 1057 2924 me
1078 2888 1166 2924 abs-

184 2945 415 2991 condebam,
439 2954 475 2981 ct
510 2946 544 2981 in
581 2959 683 2982 meos
711 2946 896 2983 cruciatus
922 2947 1169 2984 ciuitriebam.

186 3003 472 3041 Prolicientibus
508 3004 741 3050 invidebam,
783 3006 1025 3055 peccantibus
1064 3008 1167 3042 save—

184 3063 291 3107 bam,
324 3064 370 3099 ‹le
392 3064 497 3100 malis
522 3077 652 3101 corum
674 3065 900 3113 gaudebam,
925 3066 1023 3100 etde
1043 3067 1170 3114 prose-

186 3121 307 3158 ctibus
331 3122 515 3170 lugebam.

240 3182 300 3217 31.
317 3181 495 3218 Gratuitis
514 3182 716 3219 inimicitiis
731 3183 920 3227 ardebam,
937 3191 970 3218 ct
989 3183 1082 3218 lianc
1099 3196 1167 3219 nia·

238 3313 244 3325 ¹
266 3306 341 3336 ruat.
357 3316 445 3335 exui
461 3329 468 3341 ,
489 3311 517 3336 Ji.

1235 1117 1346 1145 tenax
1374 1110 1554 1146 malarum
1587 1111 1869 1159 suspicionum,
1900 1115 2102 1166 utrobique
2134 1134 2222 1169 per-

1232 1182 1381 1205 versus.
1408 1172 1456 1205 Et
1483 1169 1531 1205 ita
1552 1178 1773 1218 persecutus
1795 1179 1851 1207 est
1870 1172 2042 1212 inimicus
2063 1179 2221 1217 animam

1233 1240 1352 1264 meam
1367 1257 1376 1274 ‚
1397 1228 1610 1264 humiliavit
1628 1229 1665 1264 in
1687 1237 1783 1265 terra
1806 1230 1917 1267 vitam
1940 1246 2059 1271 meam
2083 1243 2106 1273 ¹.
2129 1239 2224 1276 Piis—

1233 1287 1324 1323 sime
1344 1288 1526 1332 Domine,
1549 1288 1651 1324 unde
1672 1301 1824 1337 possum
1843 1303 1923 1327 esse
1940 1290 2084 1341 bonus,
2104 1298 2167 1345 qui
2185 1300 2222 1336 in

1232 1345 1335 1383 bono
1353 1348 1404 1384 sic
1422 1348 1472 1384 fui
1494 1348 1639 1383 malus?
1657 1351 1734 1397 Ego
1752 1349 1952 1398 peccabam
1968 1380 1977 1396 ‚
2000 1362 2036 1389 et
2057 1363 2095 1391 tu
2117 1356 2225 1394 dissi-

1234 1405 1402 1443 mulabas
1426 1422 1434 1443 :
1457 1406 1730 1456 prolongabam
1754 1409 1876 1445 multo
1895 1418 2065 1461 tempore
2085 1415 2223 1466 iniqui—

1234 1473 1345 1501 tatem
1366 1479 1506 1511 meam,
1530 1474 1566 1502 et
1588 1474 1626 1502 tu
1646 1467 1822 1515 pietatem
1842 1476 1966 1515 tuam;
1989 1473 2076 1520 quia
2097 1477 2224 1523 poeni-

1235 1525 1388 1561 tentiam
1423 1534 1460 1562 et
1490 1525 1761 1574 indulgentiam
1800 1528 2000 1576 cogitabas.
2043 1536 2097 1569 Da
2135 1548 2224 1585 ergo

1236 1584 1530 1621 misericordiam
1561 1585 1719 1630 misero,
1754 1586 1818 1635 qui
1842 1595 1914 1623 tam
1939 1589 2002 1625 diu
2023 1597 2225 1642 pepercisti

1235 1644 1452 1681 criminoso.
1488 1643 1609 1681 Credo
1639 1657 1803 1694 namque
1832 1648 2009 1694 quoniam
2041 1653 2225 1703 quidquid

1234 1703 1324 1739 mihi
1347 1704 1565 1740 condonare
1587 1703 1799 1740 decreveris
1813 1733 1822 1750 ,
1846 1706 1896 1742 sic
1915 1708 1985 1744 erit
2005 1712 2109 1759 quasi
2127 1726 2225 1750 nun-

1234 1774 1345 1810 quam
1361 1762 1482 1799 suerit.

1288 1822 1351 1858 32.
1383 1826 1466 1859 Non
1495 1822 1617 1858 solum
1646 1822 1785 1859 invidia
1815 1838 1881 1860 cor
1914 1838 2037 1864 meum
2066 1830 2222 1877 afflixit,

1234 1894 1366 1917 verum
1395 1883 1506 1918 etiam
1527 1882 1672 1918 vanitas
1695 1883 1792 1918 circa
1816 1885 1935 1921 varias
1961 1887 2226 1929 delectationes

1234 1941 1474 1990 languentem
1504 1942 1670 1978 animum
1706 1943 1878 1980 involvit.
1916 1949 1986 1982 Per
2023 1950 2224 1988 vanitatem

1235 2012 1398 2049 namque
1427 2000 1472 2036 de
1505 2000 1707 2049 operibus,
1742 2016 1903 2050 quorum
1935 2006 2026 2042 mihi
2057 2011 2227 2048 conscius

1238 2072 1314 2095 non
1335 2073 1451 2105 eram,
1470 2060 1631 2110 turpiter
1646 2074 1704 2096 me
1717 2061 1866 2109 jactavi.
1887 2065 2099 2104 Gestiebam
2115 2070 2226 2106 etiam

1237 2118 1373 2155 docere
1399 2133 1483 2169 quae
1509 2120 1732 2156 nesciebam.
1765 2122 1874 2158 Credi
1898 2123 1944 2159 de
1970 2138 2028 2161 me
2054 2127 2226 2166 sublimia

1236 2179 1432 2224 volebam,
1465 2179 1699 2215 delectabilia
1727 2180 1903 2229 gravibus
1929 2187 2225 2234 anteponebam,

1236 2237 1459 2275 exsecrabar
1484 2237 1602 2274 verbo
1623 2239 1725 2288 quod
1746 2240 1872 2277 animo
1893 2245 2226 2294 concupiscebam,

1236 2298 1506 2347 appellationes
1526 2298 1707 2334 virtutum
1730 2300 1820 2335 meis
1842 2301 1940 2337 vitiis
1960 2303 2199 2352 imponebam
2217 2337 2225 2351 ,

1235 2365 1272 2393 et
1293 2358 1342 2393 ita
1361 2370 1420 2393 me
1446 2357 1568 2406 ipsum
1593 2357 1784 2404 fallebam,
1806 2367 1842 2394 et
1863 2360 2029 2398 faventes
2052 2365 2141 2400 mibi
2158 2366 2224 2402 de—

1235 2416 1432 2466 cipiebam.
1456 2420 1498 2453 In
1521 2417 1771 2466 promissione
1792 2418 1948 2456 lioncsta
1965 2421 2015 2458 sui
2035 2424 2146 2460 velox
2162 2454 2170 2470 ,
2190 2427 2226 2461 iu

1236 2475 1467 2512 exhibitione
1503 2476 1687 2522 mendax;
1717 2491 1736 2513 a
1770 2476 1871 2515 bono
1903 2480 2111 2528 mutabilis,
2144 2486 2227 2521 mali

1238 2543 1371 2580 tenax3
1404 2536 1439 2571 in
1462 2535 1580 2571 verbo
1601 2537 1746 2585 gravis,
1768 2538 1893 2574 animo
1916 2541 2055 2589 turpis,
2089 2542 2228 2592 ubique

450 2592 547 2640 ipsas
578 2604 635 2627 res
660 2590 756 2627 bene
785 2600 928 2641 gestas,
963 2592 999 2627 in
1032 2593 1168 2628 malum
1186 2595 1219 2628 D
1236 2595 1368 2639 sallax3
1399 2595 1504 2630 laetus
1526 2595 1571 2631 ad
1595 2609 1793 2644 prospera,
1816 2598 1953 2645 fragilis
1980 2600 2025 2635 ad
2046 2601 2225 2646 adversa;

1236 2654 1387 2689 inflatus
1404 2653 1450 2689 ad
1471 2652 1673 2702 obsequia,
1694 2656 1829 2690 anxius
1849 2656 1893 2691 ad
1915 2658 2143 2706 opprobria,
2163 2662 2227 2697 im-

1236 2714 1452 2749 moderatus
1479 2713 1524 2749 ad
1554 2713 1709 2761 gaudia3
1740 2714 1854 2751 facilis
1881 2715 1927 2751 ad
1949 2716 2132 2764 bumana,
2155 2721 2227 2757 ‹lis—

1239 2773 1342 2808 licilis
1375 2772 1420 2808 ad
1463 2772 1631 2808 honesta.
1668 2773 2015 2812 Misericordissime
2048 2781 2227 2826 Domine,

1238 2831 1286 2866 ita
1308 2831 1523 2866 defecerunt
1552 2830 1588 2864 in
1617 2830 1779 2866 vanitate
1804 2830 1883 2868 <lies
1913 2834 2007 2877 mei,
2031 2835 2066 2870 in
2092 2837 2229 2884 quibus

1239 2888 1350 2924 delmi
1389 2889 1478 2924 llere
1514 2889 1748 2925 commissam
1782 2890 2039 2939 iniquitatem,
2067 2897 2229 2934 excitare

1239 2950 1428 2984 remissam
1466 2948 1722 2994 voluntatem,
1752 2951 1943 2999 suspirare
1977 2953 2022 2988 ad
2057 2956 2227 2993 amissam

1239 3007 1492 3043 haereditatem
1512 3036 1520 3050 ‚
1550 3009 1715 3056 aspirare
1746 3009 1791 3045 ad
1824 3012 2045 3060 prtuuissam
2077 3014 2229 3052 felicita-

1239 3075 1330 3105 tem,
1357 3080 1560 3116 properare
1591 3067 1635 3102 ad
1669 3069 1871 3115 angelicam
1906 3072 2139 3112 societatem.
2172 3089 2228 3113 re-

1238 3125 1433 3174 propitiari
1457 3134 1554 3160 tuam
1577 3125 1817 3174 majestatem.
