2504 3928
310 214 403 249 1003

990 225 1254 261 MEDl't'A'i‘io
1285 228 1330 261 ΙΝ
1363 228 1626 262 ΡΑὸὃΙΟΝΕΜ

303 290 521 340 simpliciter
541 296 576 330 iu
601 309 797 332 occursum
825 299 990 334 Domini.
1014 302 1145 337 Sterue
1167 301 1202 337 in
1229 302 1286 337 via
1299 300 1342 320 ³⁰¹

2242 232 2252 267 l
2260 231 2333 268 004

1415 302 1425 318 ²
2219 321 2226 342 z
2255 308 2341 356 quia

1409 313 1444 338 «ι.
1478 305 1549 338 Iste
1576 310 1629 337 est
1651 302 1774 350 jactus
1802 311 1887 340 tuus
1915 305 2023 353 longe
2045 319 2064 341 a
2086 305 2193 342 nobis

305 361 426 386 ramos
442 353 641 398 olivarum,
661 363 700 390 ut
720 368 834 404 opera
853 357 1112 395 misericordiae
1131 360 1288 409 pedibus
1307 363 1332 395 Λ
1355 362 1464 397 ctiam
1482 374 1598 410 usque
1614 361 1658 397 ad
1676 361 1853 398 interiora
1864 363 2060 399 velaminis
2075 366 2344 413 praecursoriu-

305 407 385 455 ejus
397 413 670 450 accommodes.
686 415 821 464 Accipe
839 416 988 452 frondes
1010 419 1216 466 palmarum
1228 449 1236 463 ,
1250 428 1290 455 ut

308 467 513 518 triumphes
534 471 580 507 dc
603 474 838 522 principibus
860 475 1109 513 tenebrarum.
1135 478 1229 514 Mhi}
1255 479 1290 514 in

309 534 343 560 tc
361 528 531 574 resideat,
547 530 649 578 quod
664 532 700 567 iu
715 546 912 570 occursum
927 535 1008 584 ejus
1023 550 1098 572 non
1113 537 1290 586 prodeat3

308 585 394 631 quia
424 599 492 622 nec
520 601 593 624 uua
620 591 755 637 ungula
785 591 821 627 in
847 595 1010 643 AEgypto
1034 594 1213 631 Pharaoni
1237 609 1296 631 rc-

310 643 513 692 liuqucnda
535 656 601 683 cst.
623 651 776 696 Manus,
794 664 859 687 cor
879 660 914 688 et
935 653 1059 701 lingua
1083 655 1296 699 concinant,

311 704 487 740 [lasarum
509 711 546 741 1'11
568 710 722 743 ‹accelsis
739 716 761 744 ¹.

673 840 847 879 CAPUT
877 843 928 880 ΙΙ.

311 951 355 979 Dc
369 951 509 981 oratioue
525 958 554 982 et
568 954 679 985 sudore
697 955 726 984 iu
747 954 835 986 liorto
850 978 856 991 ‚
876 966 911 986 ac
931 966 1040 986 somno
1061 957 1292 999 discipulorum.

1358 421 1474 456 troisti
1494 434 1561 468 pro
1578 419 1696 462 uobis,
1711 419 1772 456 ubi
1791 434 1938 470 semper
1956 422 2171 471 interpellas
2187 426 2343 459 Patrem·

1358 479 1428 516 Sed
1456 480 1595 514 utiuaui
1624 487 1727 527 gutta
1752 481 2041 529 sanguinis‚qui
2066 481 2111 517 de
2137 495 2256 530 agone
2281 490 2346 518 tuo

1360 537 1538 581 decurrit,
1564 538 1740 586 usquead
1769 547 1903 574 terram
1921 548 2085 576 nostram
2104 540 2294 585 decurrat,
2311 550 2348 577 et

1362 597 1502 644 aperiat
1520 609 1560 631 os
1578 609 1700 641 suum,
1719 604 1755 632 et
1774 596 1876 633 bibat
1892 598 2010 643 illum,
2032 607 2068 634 et
2086 600 2219 635 elamet
2234 600 2278 635 ad
2295 609 2343 642 te,

1364 665 1399 691 ct
1414 665 1533 692 tecum
1551 656 1595 692 ad
1616 660 1776 702 Patrem,
1797 658 1926 693 melius
1943 671 2055 706 quam
2076 660 2224 708 sanguis
2241 659 2345 696 Abel.

1364 716 1453 762 Quis
1472 724 1594 751 autcui
1615 724 1692 759 est,
1717 717 1897 761 Domine,
1921 717 1983 766 qui
2010 726 2129 753 tecum
2157 731 2230 754 una
2256 718 2348 754 liora

1365 774 1513 821 vigilet?
1532 774 1647 809 Etiam
1665 774 1701 809 in
1718 773 1811 809 coelo
1831 787 1905 810 non
1923 775 2130 811 estfactum
2146 775 2348 820 silentium,

1366 834 1432 869 uisi
1459 834 1562 882 quasi
1584 833 1705 869 media
1731 833 1823 870 liora
1848 848 1856 870 ι
1878 843 2019 882 quanto
2040 835 2162 871 minus
2187 835 2223 870 in
2248 843 2346 870 terra

1364 893 1597 941 vigilabimus
1627 901 1747 929 tecum
1772 906 1845 929 una
1864 894 1978 930 liora?
1998 894 2153 940 Quoties
2179 903 2215 930 et
2242 908 2342 943 quo—

1364 953 1430 987 tics
1451 951 1548 987 redis
1569 951 1614 987 ad
1643 965 1731 997 nos,
1761 961 1798 987 et
1826 952 1972 988 invenis
1999 965 2067 988 nos
2089 952 2342 988 dormientes!

1362 1020 1398 1047 ct
1420 1020 1541 1047 tamen
1565 1011 1725 1061 benigne
1747 1012 1902 1048 suscitas
1928 1025 2018 1056 nos,
2042 1019 2077 1047 et
2105 1011 2238 1047 iterum
2265 1011 2345 1048 abis

360 1063 395 1097 3.
421 1064 559 1101 Vidcns
578 1067 721 1112 vidisti,
747 1068 926 1113 Domine,
952 1069 1193 1106 afflictionem
1222 1084 1290 1119 po·
1311 1076 1337 1108 B
1359 1072 1523 1108 secundo
1549 1080 1585 1107 et
1614 1073 1723 1108 tertio
1757 1071 1931 1108 eumdem
1957 1083 2168 1107 sermonem
2201 1071 2343 1107 dicens.

308 1121 385 1169 puli
408 1123 459 1159 tui
479 1125 543 1172 qui
564 1135 618 1162 cst
648 1127 682 1162 in
704 1130 886 1176 iltlgypto,
907 1137 943 1164 et
964 1129 1150 1164 inclinasti
1179 1130 1292 1165 coelos

308 1189 403 1226 tuos,
422 1191 457 1218 ct
478 1184 699 1222 descendisti
726 1188 884 1223 liberare
905 1200 986 1223 nos.
1011 1188 1160 1223 Indulta
1180 1197 1235 1224 cst
1257 1198 1293 1224 et

309 1239 412 1284 milii,
433 1243 612 1287 Domine,
633 1245 778 1282 modica
797 1247 903 1294 quics
924 1246 970 1281 al)
991 1245 1168 1295 operibus
1188 1255 1292 1283 teue-

308 1297 458 1335 lwarum
476 1301 694 1348 durissimis,
713 1304 848 1351 quibus
866 1313 1027 1340 mentem
1047 1318 1164 1340 meam
1182 1307 1294 1341 velic—

307 1365 452 1393 meuter
464 1360 649 1407 affligebat
664 1362 902 1409 importunus
915 1370 1069 1397 exactor
1081 1363 1295 1408 Pbaraonis3

307 1424 342 1450 ct
356 1416 498 1452 sabbati
519 1420 570 1454 tui
588 1421 813 1468 pra’paratio
826 1420 902 1468 jam
920 1422 1120 1457 laetificavit
1134 1423 1295 1458 animani

308 1487 438 1510 meam.
466 1480 729 1514 Vcrumtameu
761 1480 929 1515 nondum
955 1493 1072 1529 usque
1096 1481 1142 1516 ad
1163 1494 1296 1530 specu-

311 1533 385 1569 lum
407 1538 577 1582 perveni,
600 1537 663 1573 ubi
685 1539 834 1587 plenius
855 1539 1058 1588 intelligam
1077 1540 1245 1588 pustulas
1262 1549 1298 1575 et

310 1605 437 1629 uaevos
463 1596 526 1643 qui
549 1598 737 1633 maculant
765 1599 894 1634 faciem
924 1612 1064 1644 meam,
1085 1611 1168 1648 quae
1191 1600 1299 1636 valde

310 1652 509 1701 displicent
535 1656 570 1691 in
606 1657 724 1693 oculis
751 1658 822 1694 tuis
844 1671 851 1693 ε
873 1659 1053 1707 quoniam
1083 1659 1150 1696 etsi
1172 1660 1298 1696 lavero

310 1725 367 1748 me
382 1713 493 1760 nitr0,
511 1724 547 1751 et.
566 1717 864 1766 multiplicavero
881 1718 968 1754 milii
986 1717 1140 1754 herbam
1156 1718 1297 1765 borith,

311 1773 493 1810 maculata
515 1788 595 1811 sum
619 1777 816 1825 iniquitate
838 1790 931 1813 mea.
956 1781 1001 1814 Et
1025 1791 1140 1822 nunc,
1163 1778 1297 1814 Domi-

1359 1131 1486 1167 statim
1508 1140 1630 1168 autem
1651 1140 1689 1167 ut
1708 1131 1925 1175 recesseris,
1947 1131 2080 1167 iteruin
2103 1143 2258 1166 somnus
2282 1144 2348 1167 oc—

1360 1199 1471 1240 cupat
1490 1204 1571 1235 nos,
1596 1204 1662 1226 nec
1680 1191 1832 1239 vigilare
1853 1203 2064 1239 possumuS,
2083 1190 2151 1226 nisi
2167 1189 2346 1238 quamdiu

1361 1249 1555 1285 uobiscum
1576 1263 1626 1294 eS,
1644 1258 1680 1285 et
1703 1250 1856 1285 suscitas
1884 1263 1965 1285 nos.
1986 1251 2098 1285 Venis
2122 1248 2158 1285 in
2186 1248 2350 1285 secunda

1361 1316 1398 1343 et
1423 1309 1529 1344 tertia
1550 1309 1672 1356 vigilia
1692 1309 1781 1345 :sed
1809 1309 1936 1345 beatus
1964 1309 2023 1345 ille
2056 1322 2206 1353 servus,
2239 1321 2350 1357 quem

1363 1374 1451 1401 tunc
1466 1365 1654 1402 inveneris
1669 1366 1898 1414 vigilantem.
1915 1371 1995 1403 Jam
2012 1369 2140 1416 primae
2154 1376 2189 1404 et
2204 1375 2348 1416 quartae

1363 1425 1464 1459 nulla
1477 1425 1617 1460 mentio
1634 1425 1694 1469 sit;
1710 1425 1797 1473 quia
1815 1438 1881 1461 nec
1898 1426 2077 1474 primaeva
2093 1435 2180 1462 aetas
2195 1439 2344 1462 sensum

1364 1483 1497 1531 recipit
1531 1482 1731 1531 vigilandi,
1767 1496 1834 1519 nec
1867 1484 1995 1519 ultima
2028 1497 2131 1534 spem
2167 1485 2349 1534 prolixius

1364 1541 1588 1578 dormiendi.
1620 1545 1666 1578 Et
1693 1541 1783 1590 quid
1810 1550 1890 1587 cst,
1915 1543 2095 1588 Domine,
2117 1542 2219 1592 quod
2242 1544 2351 1580 tertio

1367 1600 1514 1636 rediens
1549 1600 1694 1649 copiam
1730 1600 1943 1636 dormiendi
1978 1603 2153 1650 praestas?
2185 1603 2351 1637 Dormite

1357 1664 1456 1704 jam,
1476 1659 1611 1708 iuquit,
1630 1669 1663 1694 et
1677 1664 1901 1707 requiescite.
1926 1660 2114 1709 Numquid
2133 1660 2244 1696 alium
2265 1673 2354 1695 con-

1364 1718 1464 1754 cedis
1485 1731 1657 1754 somnum
1677 1718 1740 1754 ubi
1762 1719 2052 1767 requiescerent,
2070 1727 2106 1755 et
2126 1719 2237 1755 alium
2259 1732 2352 1768 pro-

1363 1777 1468 1814 hibes
1489 1779 1524 1814 in
1541 1792 1618 1827 quo
1638 1778 1735 1814 oculi
1751 1779 1981 1827 gravantur?
1998 1781 2053 1815 Ita
2074 1787 2140 1814 est.
2163 1779 2233 1826 Qui
2252 1779 2351 1814 enim

307 1843 375 1876 ne,
413 1834 595 1881 passionis
625 1844 697 1871 tuse
736 1836 814 1872 dics
846 1849 979 1885 urgere
1011 1850 1080 1872 nos
1114 1836 1299 1872 deberent
1316 1842 1342 1876 C
1365 1837 1491 1887 vigilat
1511 1838 1549 1874 in
1572 1846 1620 1882 te,
1644 1838 1808 1874 suaviter
1828 1837 1966 1873 dormit
1988 1845 2024 1873 et
2043 1837 2137 1883 silet,
2159 1845 2195 1873 et
2218 1850 2352 1874 somno

307 1891 422 1938 magis
453 1905 563 1940 quam
594 1896 786 1944 praepositi
811 1895 1030 1940 Pliaraoni53
1055 1895 1234 1945 quoniam
1255 1896 1293 1932 in

307 1949 484 1997 operibus
506 1953 576 1989 tuis
589 1953 733 2001 justitia
750 1963 818 1999 est,
839 1963 875 1991 et
893 1968 963 2004 pax
976 1983 985 1999 ,
1005 1963 1041 1990 et
1061 1955 1237 2003 gaudium
1256 1956 1293 1991 in

307 2009 446 2057 Spiritu
470 2021 611 2048 sancto.
650 2017 725 2050 Nos
763 2023 884 2050 autem
925 2014 1194 2059 dormitamus,
1235 2023 1291 2058 te,

306 2069 480 2115 Domine,
499 2084 567 2119 pro
588 2072 696 2109 nobis
714 2083 856 2118 orante,
876 2074 963 2122 quia
984 2074 1082 2109 oculi
1102 2074 1220 2111 nostri
1241 2083 1295 2111 te-

310 2139 400 2174 pore
418 2138 547 2166 nostro
567 2133 708 2179 gravati
730 2141 829 2168 suut.
853 2133 994 2169 Suscita
1017 2146 1086 2169 nos
1107 2142 1148 2169 ut
1169 2134 1297 2183 vigile-

310 2199 410 2232 mus,
432 2197 467 2223 et
496 2203 648 2227 oremus
672 2204 717 2227 ne
747 2192 954 2229 incidamus
975 2193 1011 2228 in
1036 2192 1294 2237 tentationem,

309 2247 486 2292 quoniam
520 2249 710 2285 tribulatio
742 2251 850 2286 valde
885 2250 992 2286 nobis
1020 2251 1193 2300 proxima
1226 2260 1293 2288 est.

309 2307 427 2349 Quam
446 2306 518 2341 cito
540 2308 727 2344 clauditur
746 2311 877 2345 oculus
899 2323 944 2346 ue
965 2318 998 2346 te
1019 2309 1158 2353 videat,
1178 2311 1296 2346 colla—

313 2359 412 2397 bitur
441 2377 505 2412 pes
528 2375 654 2402 noster
675 2367 710 2402 iu
732 2367 802 2403 boc
831 2382 932 2403 mare
956 2381 1131 2417 magnum
1156 2377 1192 2404 et
1207 2382 1297 2418 spa-

312 2420 445 2456 tiosum
470 2424 654 2468 manibus,
679 2426 741 2461 ubi
760 2436 846 2461 suut
869 2428 1016 2476 reptilia
1037 2440 1197 2476 quorum
1222 2442 1296 2464 non

309 2488 363 2515 est
391 2487 590 2520 numerus!
616 2499 699 2533 qua·
721 2487 955 2522 somniorum
985 2500 1139 2522 suorum
1175 2488 1297 2536 plian-

311 2540 410 2575 tasiis
432 2541 611 2579 intentam
631 2545 821 2581 ludilicant
840 2547 1016 2592 animam,
1034 2555 1070 2582 et
1093 2547 1244 2583 trabunt
1261 2548 1296 2584 in

1360 1910 1428 1933 suo
1458 1897 1656 1946 requiescit
1679 1911 1686 1933 :
1711 1897 1775 1946 qui
1804 1905 1926 1933 autem
1965 1896 2104 1932 dormit
2131 1910 2152 1932 a
2177 1904 2234 1942 te,
2257 1896 2353 1933 sicut

1360 1956 1486 1993 ebrius
1508 1966 1617 1993 nocte
1640 1957 1808 1993 nesciens
1827 1956 1990 2006 graviter
2013 1956 2185 2005 agitatur.
2209 1957 2351 1999 Tristis,

1362 2017 1508 2066 inquit,
1529 2022 1658 2053 anima
1680 2030 1761 2053 mea
1790 2029 1904 2064 usqae
1927 2018 1981 2051 ml
2004 2021 2191 2051 mortem&
2217 2015 2351 2052 Anima

1363 2077 1476 2112 tristis
1501 2085 1557 2113 est
1578 2089 1662 2125 quae
1686 2083 1876 2125 exspectat
1899 2075 2029 2111 mortis
2057 2074 2350 2111 tribulationem.

1362 2136 1452 2183 Quis
1469 2136 1567 2172 enim
1589 2136 1680 2172 sciat
1697 2143 1823 2171 utrum
1841 2134 1887 2171 ad
1909 2134 2111 2179 sinistram,
2134 2147 2180 2170 an
2201 2133 2246 2170 ad
2265 2133 2354 2170 dex-

1365 2206 1479 2232 teram
1504 2197 1587 2231 eat?
1614 2195 1706 2242 Quis
1734 2194 1824 2230 sciat
1843 2194 2038 2243 quomodo
2059 2193 2286 2242 respondeat
2304 2192 2351 2229 ad

1364 2263 1580 2303 arguentem
1602 2267 1660 2299 se,
1681 2252 1835 2301 quando
1865 2252 1986 2289 Judex
2011 2252 2107 2288 sicut
2139 2251 2351 2301 parturiens

1365 2315 1566 2362 loquetur?
1583 2313 1671 2349 Ideo
1689 2312 1802 2348 tristis
1820 2312 1943 2347 anima
1958 2311 2089 2348 similis
2106 2312 2167 2346 fiat
2182 2310 2351 2359 pelicano

1364 2372 1588 2416 solitudinis,
1607 2384 1690 2419 quae
1706 2371 1810 2406 audit
1823 2371 2023 2415 civitatem,
2040 2378 2076 2406 et
2093 2369 2353 2405 conventicula

1363 2445 1493 2468 eorum
1512 2431 1558 2467 de
1576 2430 1841 2479 sanguinibus,
1860 2439 1895 2465 et
1914 2430 2029 2466 macie
2044 2429 2256 2465 solitudinis
2276 2429 2355 2478 pal-

1364 2491 1413 2526 let
1438 2505 1445 2526 z
1471 2498 1535 2525 aut
1567 2490 1664 2525 sicut
1700 2489 1918 2538 nycticorax
1953 2489 1992 2524 in
2028 2488 2220 2537 parietinis
2252 2488 2352 2525 Scri-

1364 2557 1484 2598 pturae
1503 2556 1647 2597 quaerat
1673 2547 1742 2585 sibi
1767 2561 1888 2585 escam
1911 2556 1988 2584 tota
2009 2555 2138 2592 nocte,
2169 2555 2205 2583 et
2230 2547 2354 2582 evolet

310 2610 375 2633 cor
392 2602 516 2646 maris,
533 2603 633 2639 unde
656 2618 728 2639 nou
745 2605 860 2640 facilis
884 2606 928 2641 ad
945 2606 1139 2653 superiora
1157 2606 1299 2643 reditus
1319 2613 1347 2645 D
1364 2608 1400 2644 in
1423 2620 1609 2657 passerem
1626 2621 1738 2657 super
1754 2616 1893 2644 tectum
1912 2607 2128 2656 vigilantem
2141 2635 2150 2653 ,
2163 2613 2199 2642 et
2215 2618 2354 2642 canen-

311 2666 378 2703 cst,
399 2659 466 2695 nisi
486 2669 521 2695 tu
541 2663 686 2698 emittas
705 2676 852 2699 manum
873 2672 972 2700 tuam
989 2665 1036 2700 de
1050 2665 1138 2709 alto,
1157 2673 1194 2700 ct
1211 2665 1300 2702 libe-

315 2729 372 2752 res
393 2731 459 2754 nos
480 2719 526 2755 dc
546 2721 654 2769 aquis
675 2723 813 2758 multis.
840 2724 981 2759 Suscita
1014 2737 1099 2767 1105,
1124 2725 1296 2769 Domine,

315 2784 354 2810 ut
376 2785 496 2813 tecum
526 2781 581 2815 vel
614 2794 687 2816 una
720 2782 809 2817 liora
843 2782 1040 2830 vigilemus
1070 2791 1106 2818 et
1138 2796 1298 2820 oremus.

313 2837 404 2881 Quis
432 2846 556 2873 autem
586 2848 641 2875 cst
671 2841 734 2888 qui
769 2849 890 2876 tecum
924 2855 995 2877 una
1022 2842 1118 2877 liora
1151 2843 1301 2891 vigilet?

315 2896 475 2932 Avulsus
491 2898 591 2933 cuim
610 2912 648 2934 es
665 2913 684 2934 a
703 2899 811 2935 uobis
831 2909 1011 2948 quantum
1027 2900 1149 2949 jactus
1165 2911 1220 2938 est
1240 2903 1296 2939 la-

315 2952 423 2999 pidis,
445 2963 480 2990 ct
498 2957 670 3004 agonizas
687 2958 881 3006 prolixius,
902 2959 949 2995 ita
970 2967 1010 2995 ut
1029 2968 1132 3008 gutta
1148 2962 1298 3010 saugui—

315 3012 370 3047 nis
387 3022 436 3048 tu.
453 3014 625 3051 ‹lccurrat
645 3017 679 3051 in
700 3025 850 3053 terrain.
870 3021 1010 3067 Longe,
1026 3019 1136 3068 longe
1151 3034 1170 3056 a
1189 3019 1299 3057 nobis

314 3073 465 3108 avulsus
486 3087 545 3118 cs,
574 3076 662 3123 quia
690 3077 781 3124 lapis
806 3076 990 3113 abscissus
1019 3087 1074 3114 est
1103 3079 1148 3115 de
1173 3089 1299 3116 monte

314 3131 392 3166 sine
413 3133 600 3179 manibus,
616 3134 785 3183 etjactus
805 3144 859 3171 est
881 3137 991 3186 lapis,
1009 3146 1045 3172 ct
1063 3140 1246 3187 percussit
1262 3140 1297 3175 in

312 3190 433 3225 fronte
450 3192 610 3237 Goliam,
626 3201 660 3227 et
682 3202 838 3229 statuam
860 3195 894 3230 in
918 3194 1087 3243 pedibus.

361 3322 365 3333 ¹
389 3316 499 3346 wouh.
518 3329 592 3351 xxi,
616 3321 644 3347 s).
664 3337 703 3341 —
723 3325 732 3338 ⁷
753 3321 848 3349 Marc.
868 3331 942 3357 xxv,
967 3323 1020 3353 41.
1039 3324 1055 3349 3
1070 3324 1092 3349 i.

1367 2675 1439 2703 tem
1460 2667 1613 2716 quando
1637 2668 1695 2703 sur
1716 2668 1851 2704 veniat.

1421 2728 1454 2763 5.
1495 2726 1560 2762 Vel
1587 2725 1722 2763 Judam
1752 2740 1826 2762 non
1860 2725 2014 2771 videtis,
2046 2725 2240 2774 quomodo
2276 2737 2353 2762 non

1368 2784 1535 2820 dormit?
1556 2788 1674 2832 Quam
1695 2785 1895 2835 pervigiles
1923 2784 2035 2821 habet
2069 2784 2199 2820 oculos
2228 2784 2352 2820 avari—

1368 2844 1436 2879 tia!
1463 2843 1656 2892 quomodo
1688 2844 1820 2880 circuit
1851 2842 1983 2879 orbem
2015 2845 2146 2879 terrae!
2172 2855 2247 2878 non
2271 2855 2353 2879 ces-

1367 2911 1420 2938 sat
1449 2916 1581 2938 manus
1602 2902 1705 2951 ejus,
1731 2916 1808 2939 non
1839 2910 1956 2939 cessat
1984 2914 2070 2951 pes,
2098 2909 2135 2936 et
2155 2909 2352 2937 coacervat

1365 2961 1432 2997 sibi
1454 2962 1547 2997 iram
1569 2961 1607 2997 in
1630 2961 1690 2997 die
1722 2962 1797 2998 irae.
1821 2965 1868 2998 Et
1889 2970 2012 2998 tamen
2036 2960 2176 2997 dormit
2195 2960 2322 2997 Simon
2338 2987 2348 3005 ,

1366 3021 1506 3057 dormit
1531 3020 1692 3058 Jacobus
1719 3029 1755 3057 et
1782 3025 1957 3058 Joannes.
1982 3021 2129 3067 Quare?
2151 3019 2247 3066 Quia
2275 3031 2351 3055 non

1365 3081 1589 3125 attendunt,
1621 3080 1710 3129 quid
1749 3090 1833 3129 post
1861 3080 2054 3129 paululum
2091 3079 2257 3114 futurum
2292 3078 2351 3114 sit.

1367 3140 1523 3176 Periculi
1554 3139 1772 3187 magnitudo
1806 3152 1978 3175 somnum
2015 3138 2125 3185 fugat.
2162 3137 2351 3185 Numquid

1366 3198 1544 3236 dormivit
1564 3202 1694 3236 Petrus
1715 3198 1751 3234 in
1773 3198 1891 3234 atrio?
1912 3197 2094 3246 numquid
2115 3196 2350 3233 dormierunt
