2504 3928
329 198 421 233 1263

320 271 402 309 bilis
419 276 608 313 charitatis
628 278 757 313 invitat
780 292 786 313 z
810 277 845 312 in
861 290 903 312 ca
924 290 991 312 uos
1006 289 1155 313 manere
1171 290 1301 326 preca-

1105 204 1273 239 (Julian
1303 205 1465 237 stitutio
1495 204 1583 238 >4111

1312 278 1325 293 (ἱ
1332 276 1360 295 Ιῐὶ

2256 199 2351 236 1264

1371 277 1532 313 vinitatis
1549 288 1632 324 qua:
1652 276 1688 311 in
1712 289 1769 312 me
1785 275 2032 324 corporaliter
2055 274 2258 321 habitavit3
2277 289 2355 312 ma-

323 339 382 367 tur
405 343 439 369 ‹·t
471 345 586 383 rogat.
620 337 681 372 Ait
712 337 810 371 cuim
828 365 836 381 ,
859 338 1008 371 Mam-tc
1036 340 1074 370 in
1109 337 1303 371 dilectione
1319 339 1349 372 Α
1370 333 1507 370 nebitis·
1531 334 1567 369 in
1590 333 1791 369 dilectione
1821 346 1924 377 mea,
1951 340 1987 369 et
2006 345 2075 381 ego
2099 333 2134 368 in
2157 333 2356 370 dilectione

320 404 402 425 ment
421 407 430 425 .·
446 395 552 429 acsic
567 404 693 443 aperte
709 395 826 439 dicat,
842 395 934 441 Quia
950 407 1018 442 ego
1034 407 1075 430 ca
1091 394 1304 439 dilectione,

320 462 392 495 qua
426 464 483 485 ιιιι·
516 455 621 488 l'atcr
641 453 779 500 diligit,
807 467 872 488 vos
900 452 1181 501 diligo;ea‹lcm
1215 453 1305 489 ‹lile-

321 508 443 543 ctione
466 524 486 545 ιι
505 524 524 545 e
546 524 611 546 vos
632 511 784 559 diligere
807 525 908 559 rogo.
943 514 984 547 Et
1011 512 1188 560 quoniam
1218 511 1307 547 dilc-

321 567 394 600 etio
420 578 536 605 vestra
565 583 621 605 mc
642 584 759 619 usque
780 570 824 606 ad
849 579 1005 606 mortem
1027 570 1222 619 perduxit,
1244 571 1307 606 scd

321 637 442 673 neque
461 641 561 663 mors
579 629 835 665 crudelissima
860 630 936 678 ipsa
953 643 972 664 a
989 637 1110 665 vestra
1132 629 1308 665 charitate

321 696 379 718 ιιιι·
408 685 592 733 s‹·jun.xit;
623 702 680 724 mc
706 689 867 737 diligite,
895 696 931 724 ct
953 688 988 723 in
1011 701 1090 724 mca
1112 688 1309 724 dilectione

322 753 479 780 manete.
505 747 574 782 Sed
598 748 757 795 qualiter
786 749 820 783 in
843 747 923 796 ejus
940 747 1139 783 dilectione
1159 761 1309 783 manere

321 800 547 849 debeamus,
571 807 738 854 sequitur
757 815 791 842 ct
809 807 898 842 dicit
922 821 929 842 :
957 809 994 842 Si
1013 816 1201 855 praecepta
1227 821 1308 843 ntea

321 869 560 909 s‹¹1-‹·a‹·‹·›·iti.x·‚
587 866 782 901 manebitis
806 868 843 901 ite
871 879 953 900 mea
975 867 1172 901 dilectione
1188 880 1198 900 .·
1216 871 1310 901 slent

324 920 446 955 Patris
466 928 539 957 mci
561 933 752 971 prtem-pla
779 928 927 966 servavi,
957 933 992 959 ct
1013 937 1144 958 maneo
1168 928 1205 959 in
1230 929 1310 970 ejus

321 980 526 1016 dilectione.
557 982 628 1029 Qui
661 982 774 1018 hahet
797 995 906 1019 aures
925 982 1102 1019 audiendi
1117 1011 1127 1028 ,
1151 982 1277 1018 audiat
1299 998 1306 1019 :

320 1041 435 1087 etqui
455 1040 565 1077 hahet
581 1056 647 1078 cor
663 1042 914 1091 intelligendi,
936 1043 1127 1091 intelligat.
1152 1046 1305 1079 Mensu-
1322 1046 1350 1079 B

320 1111 396 1133 ram
424 1109 560 1136 nostra„¹
586 1101 842 1150 possibilitatis
863 1101 1011 1137 videtur
1035 1101 1233 1147 excedere,
1257 1102 1309 1138 vi-

322 1169 381 1192 rcs
413 1159 526 1194 animi
555 1167 590 1195 ct
623 1161 794 1209 corporis
822 1173 863 1196 ac
897 1160 998 1196 nisus
1026 1160 1310 1209 supergreditur

321 1215 531 1253 universos.
552 1221 784 1267 l‘raeceptum
801 1218 902 1268 quod
920 1218 1028 1255 nobis
1045 1219 1228 1255 Dominus
1245 1219 1311 1255 im-

322 1284 445 1322 perat,
463 1278 659 1313 consilium
689 1286 743 1313 cst
770 1286 905 1313 nostrse
934 1278 1081 1323 salutis,
1109 1277 1211 1326 quod
1230 1278 1310 1327 ipse

322 1343 454 1371 auctor
475 1345 609 1372 nostra·
629 1337 756 1372 salutis
784 1336 893 1373 nobis
918 1337 1189 1373 accommodat.
1221 1338 1311 1384 Quis

321 1407 486 1441 unquam
506 1395 719 1438 hominum,
752 1409 797 1431 cx
823 1397 1026 1444 apostatica
1050 1395 1173 1431 radice
1199 1395 1311 1444 primi

320 1453 486 1500 parentis
506 1462 678 1498 exortus,
699 1455 842 1502 potuit,
862 1455 918 1490 vel
937 1455 1075 1504 poterit
1090 1454 1168 1490 sine
1183 1454 1311 1503 aliquo

323 1513 627 1559 transgressionis
649 1527 771 1559 naevo,
794 1527 877 1549 cum
907 1514 1009 1550 omni
1037 1514 1164 1549 oslicio
1190 1513 1312 1549 chari—

320 1570 404 1605 tatis
424 1571 643 1608 inconcussa
659 1581 696 1608 ct
711 1573 944 1609 immaculata
958 1573 1093 1610 Christi
1109 1572 1311 1610 observare

321 1638 506 1678 praeccpta
528 1646 535 1666 :
559 1631 655 1668 sicut
680 1632 758 1681 ipse
779 1632 817 1669 in
837 1640 954 1668 totum
976 1640 1012 1667 et
1031 1632 1068 1668 in
1091 1640 1235 1681 partem
1255 1633 1312 1669 sui

320 1690 439 1725 Patris
459 1692 621 1727 servavit
641 1692 835 1737 mandata,
856 1692 921 1740 qui
940 1700 1134 1741 peccatum
1156 1705 1231 1728 non
1258 1692 1313 1728 fe-

321 1748 393 1793 cit,
420 1762 487 1785 ncc
518 1764 680 1799 unquam
709 1764 862 1800 peccare
893 1751 1034 1800 potuit,
1066 1764 1134 1787 nec
1156 1764 1312 1800 peccare

323 1808 432 1843 ctiam
453 1809 593 1844 voluit?
613 1813 693 1846 Non
710 1810 818 1846 estin
842 1810 925 1846 liliis
940 1809 1135 1845 hominum
1158 1823 1314 1859 magnus
1333 1815 1360 1850 C
1379 1819 1448 1856 ego
1475 1820 1576 1853 sum,
1607 1808 1692 1844 licet
1717 1816 1904 1858 peccator,
1936 1809 2000 1856 qui
2028 1808 2142 1857 diligo
2173 1816 2209 1844 te
2239 1823 2246 1844 :

321 1868 379 1902 vel
403 1881 539 1916 parvus
551 1896 559 1912 ‚
582 1877 680 1904 tanta
696 1869 875 1918 praeditus
891 1869 1105 1913 sanctitate,
1122 1881 1190 1905 nec
1207 1878 1316 1906 tantae

327 1925 517 1973 religionis
539 1927 795 1975 privilegiatus
813 1927 957 1963 honore
971 1955 980 1973 ,
997 1927 1155 1976 quinon
1174 1928 1210 1963 in
1225 1941 1316 1977 pec—

327 1985 416 2019 catis
434 1986 542 2021 suerit
557 1996 762 2035 conceptus
776 2016 784 2032 ‚
803 1995 940 2035 praetcr
959 1990 1115 2023 Matrem
1131 1990 1317 2024 Immacu-

326 2043 386 2078 lati
408 2054 601 2092 peccatum
624 2059 699 2081 non
726 2046 908 2089 facientis,
931 2046 994 2081 scd
1019 2055 1166 2095 peccata
1186 2047 1316 2083 mundi

327 2102 488 2139 tollentis
506 2119 514 2149 ·‚
532 2104 576 2139 de
596 2118 687 2153 qua,
707 2119 789 2141 cum
816 2105 862 2141 de
892 2106 1050 2154 peccatis
1071 2106 1205 2154 agitur,
1229 2107 1319 2142 nul-

328 2159 399 2195 lam
439 2175 592 2210 prorsus
630 2164 716 2199 volo
750 2163 887 2199 habere
916 2165 1175 2212 quaestionem.
1208 2165 1317 2202 IJnde

329 2232 403 2255 non
439 2221 626 2258 immerito
667 2223 792 2259 nullus
824 2232 931 2259 tantae
966 2224 1170 2260 sanctitatis
1205 2225 1319 2274 fulget

330 2281 576 2327 pra’rogativa
591 2310 600 2326 ,
620 2282 682 2330 qui
700 2282 735 2317 in
751 2282 926 2318 omnibus
944 2291 979 2318 ct
994 2296 1060 2331 per
1079 2284 1205 2320 omnia
1219 2284 1318 2320 istud

330 2342 419 2372 sicut
434 2337 510 2385 jam
534 2340 653 2375 valcat
673 2339 872 2377 observare
886 2370 894 2386 ,
916 2342 966 2377 ita
982 2341 1163 2378 duntaxat
1183 2342 1213 2378 si
1237 2342 1318 2378 sue-

332 2396 378 2430 rit
394 2397 650 2443 expressivum
670 2399 898 2445 quantitatis.

386 2454 420 2488 2.
445 2454 515 2488 Sed
538 2456 743 2490 notandum
765 2465 819 2491 est
848 2458 948 2505 quod
983 2458 1053 2493 hoc
1077 2457 1318 2505 adverbium,

332 2516 435 2553 asc-m,
460 2526 533 2547 non
556 2513 613 2548 hic
631 2515 868 2561 quantitatis,
895 2515 958 2551 sed
980 2516 1170 2564 qualitatis
1187 2517 1319 2553 simili-

1373 401 1519 437 vestra,
1541 393 1636 428 sicut
1658 401 1693 429 et
1709 405 1778 440 ego
1796 392 1832 427 in
1854 391 2054 428 dilectione
2076 392 2193 428 Patris
2208 419 2217 437 ,
2236 400 2272 428 et
2287 396 2358 429 Pa—

1375 460 1429 487 ter
1453 451 1487 487 in
1517 451 1717 486 dilectione
1748 463 1841 487 mea.
1877 451 1942 486 Vel
1978 463 2177 499 possumus
2206 451 2356 496 dicere,

1373 509 1473 559 quod
1490 509 1559 545 hoc
1575 508 1814 554 adverbium,
1834 514 1937 553 sicut,
1957 509 1994 545 in
2012 509 2120 545 nobis
2137 509 2173 545 iu
2191 509 2261 545 hoc
2277 510 2360 547 loco

1374 569 1447 604 vim
1469 581 1544 604 suae
1575 568 1854 616 significationis
1887 581 1962 603 non
1987 576 2155 613 excreet3
2173 568 2237 604 sed
2255 577 2361 605 notat

1376 635 1518 663 tantum
1539 627 1586 663 ibi
1609 626 1890 663 similitudinem
1909 627 2116 663 dilectionis
2132 635 2169 662 et
2185 627 2361 664 ohedien-

1375 687 1433 723 tiae
1456 687 1589 724 Christi
1615 687 1660 723 ad
1690 691 1808 723 Deum
1841 690 1986 723 Patrem
2020 699 2099 722 esse
2125 686 2359 724 monitoriam

1374 745 1481 782 nobis
1493 775 1502 791 ‚
1517 754 1558 782 ut
1571 745 1704 783 Christi
1721 754 1906 795 przccepta
1924 744 2124 781 debeamus
2139 744 2360 791 observare,

1374 815 1410 841 ct
1432 806 1467 841 in
1485 805 1566 854 ejus
1585 806 1783 841 dilectione
1802 817 1966 850 manere,
1986 818 2027 840 ac
2044 804 2073 841 si
2094 804 2234 841 diceret
2252 820 2260 842 ;
2282 807 2361 854 Ego

1374 874 1561 914 praecepta
1583 865 1699 902 Patris
1720 865 1791 900 mei
1816 878 1884 914 pro
1901 872 2022 900 vestra
2047 864 2164 900 salute
2191 864 2359 908 servavi,

1376 932 1412 960 et
1429 924 1514 960 ideo
1531 937 1663 960 maneo
1683 924 1721 960 in
1741 922 1821 972 ejus
1841 923 2038 960 dilectione
2059 938 2068 959 ι
2086 931 2122 959 et
2142 936 2208 959 vos
2227 935 2362 972 praecc-

1375 992 1438 1033 pta
1455 997 1534 1020 mea
1552 997 1621 1033 pro
1643 997 1726 1020 mco
1744 997 1870 1020 amore
1886 991 2030 1020 servate
2044 1012 2054 1029 ,
2070 991 2106 1018 ct
2121 983 2171 1019 sic
2189 981 2360 1020 manebi-

1373 1044 1418 1080 tis
1437 1044 1474 1079 in
1497 1057 1577 1080 mea
1600 1043 1814 1081 dilectione.

1427 1103 1462 1139 3.
1483 1103 1616 1140 Adhuc
1636 1104 1792 1140 amantis
1811 1116 1916 1139 amor
1936 1115 1994 1138 me
2014 1102 2222 1151 compellit,
2240 1101 2363 1138 chari·

1375 1170 1429 1198 tas
1446 1163 1560 1199 nostri
1578 1163 1766 1199 dilectoris
1786 1167 1872 1199 Jcsu
1892 1162 2029 1199 Christi
2051 1161 2202 1198 Domini
2221 1161 2362 1207 nostri,

1375 1220 1439 1256 sed
1477 1221 1618 1257 utinam
1660 1221 1783 1257 dilecti
1801 1249 1810 1266 ‚
1847 1221 1984 1257 scilicet
2027 1220 2125 1257 istud
2159 1220 2363 1269 capitulum

1375 1287 1545 1327 repetere
1571 1293 1578 1314 ε
1599 1283 1643 1315 Ia
1675 1282 1870 1315 dilectione
1898 1293 1979 1314 mea
2013 1287 2170 1315 ›nanc-te.
2197 1281 2228 1316 Ο
2246 1282 2333 1315 Jesu
2351 1307 2362 1324 ‚

1375 1340 1463 1373 Jesu
1494 1338 1715 1374 resurrectio
1743 1346 1998 1382 mortuorum,
2027 1338 2106 1373 vita
2131 1337 2364 1384 viventium,

1376 1395 1475 1432 salus
1508 1403 1645 1432 aeterna
1674 1396 1927 1441 credentium,
1964 1403 2062 1432 totus
2092 1396 2231 1441 dulcis,
2266 1403 2367 1432 totus

1375 1452 1565 1499 amabilis,
1584 1462 1684 1491 totus
1700 1453 1927 1491 delectabilis
1951 1453 2207 1503 quaercntibus
2231 1463 2266 1491 te
2279 1482 2289 1500 ,
2309 1455 2367 1491 di-

1376 1512 1578 1562 ligentibus
1607 1521 1661 1558 te,
1692 1512 1973 1550 invenientibus
2012 1521 2045 1550 te
2081 1528 2090 1550 :
2124 1513 2276 1562 dignare
2308 1526 2367 1550 me

1376 1584 1526 1608 servum
1545 1581 1648 1609 tuum
1668 1573 1771 1622 loqui
1785 1587 1869 1609 cum
1884 1573 2060 1619 Domino,
2074 1573 2264 1609 hominem
2281 1586 2366 1609 cum

1375 1634 1471 1679 Deo,
1507 1632 1649 1681 plasma
1679 1645 1763 1668 cum
1794 1633 2040 1677 Plasmatore,
2072 1631 2250 1667 facturam
2282 1645 2367 1668 cum

1376 1692 1550 1736 Factore,
1574 1690 1809 1740 redemptum
1838 1704 1922 1727 cum
1952 1691 2217 1740 Redemptore.
2251 1691 2369 1740 Igitur

1375 1747 1464 1785 audi
1491 1761 1570 1795 me,
1599 1757 1636 1785 ct
1663 1762 1709 1786 ne
1739 1749 1970 1799 perturberis
1999 1758 2155 1799 propter
2179 1762 2249 1786 me.
2276 1753 2368 1786 Nam

2278 1808 2369 1844 mihi

1382 1873 1504 1901 tecum
1543 1866 1722 1915 loquendi
1756 1879 1886 1902 ausum
1921 1865 2062 1915 praebet
2098 1865 2247 1902 dilectio
2281 1874 2341 1901 tua
2357 1893 2368 1910 ,

1382 1925 1532 1967 attrahit
1561 1933 1723 1961 mentem
1755 1925 1915 1961 charitas
1945 1933 2027 1970 tua,
2063 1937 2170 1960 amor
2203 1924 2367 1973 instigat.

1381 1984 1518 2023 Dixisti
1534 1984 1725 2034 Apostolis
1746 1985 1834 2031 tuis,
1856 1993 1891 2021 ct
1907 1997 1974 2033 per
1991 1997 2055 2020 eos
2071 1983 2210 2020 dictum
2230 1983 2370 2020 intelli-

1381 2056 1512 2095 gamus
1532 2043 1641 2080 nobis
1662 2058 1669 2079 :
1689 2045 1842 2078 Allanete
1862 2047 1900 2077 in
1929 2056 2003 2086 me,
2032 2051 2067 2077 et
2093 2056 2158 2090 ego
2183 2047 2221 2077 ιίι
2251 2041 2368 2078 vobis.

1383 2103 1547 2141 Obsecro
1566 2111 1620 2148 te,
1639 2102 1856 2151 jucunditas
1883 2101 2057 2152 pulchra,
2074 2101 2234 2138 dulcedo
2252 2101 2374 2137 melli-

1383 2163 1479 2208 flua,
1511 2162 1674 2199 suavitas
1705 2161 1852 2207 odoris,
1881 2161 1976 2197 odor
2005 2161 2214 2206 suavitatis,
2248 2160 2374 2196 laetitia

1384 2234 1548 2266 summa,
1568 2221 1684 2269 gloria
1700 2220 1945 2270 sempiterna,
1964 2220 2038 2256 vita
2055 2228 2267 2256 sanctorum
2280 2247 2290 2266 ,
2309 2219 2375 2256 de-

1385 2293 1449 2325 cus
1464 2281 1714 2330 Angelorum,
1735 2280 1905 2317 Salvator
1928 2279 2075 2325 mundi,
2092 2280 2160 2317 Fili
2186 2279 2253 2316 Dei
2274 2279 2373 2323 vivi,

1383 2344 1472 2377 Jcsu
1503 2339 1734 2385 dulcissime,
1765 2339 2054 2388 speciosissime,
2081 2339 2313 2384 charissime,
2339 2346 2376 2374 ct

1384 2399 1654 2443 amantissime,
1675 2397 1754 2443 dic,
1771 2411 1910 2447 quae50‚
1932 2411 2014 2446 quae
2030 2406 2086 2434 est
2102 2411 2210 2434 causa
2228 2406 2298 2434 tuae
2316 2397 2376 2433 di-

1385 2457 1576 2502 lectionis,
1601 2464 1673 2492 tuae
1696 2455 1892 2505 glutinosae
1910 2456 2114 2501 charitatis,
2136 2455 2184 2491 ob
2200 2469 2312 2504 quam
2339 2463 2377 2490 ct

1388 2524 1422 2551 te
1439 2515 1610 2565 diligere,
1626 2515 1715 2551 etin
1734 2524 1795 2551 tua
1812 2515 2010 2552 dilectione
2030 2528 2181 2551 manere
2198 2527 2266 2551 nos
2282 2527 2376 2563 prce-

338 2571 504 2606 tudincm
521 2580 644 2615 notat,
662 2573 755 2608 sicut
771 2575 941 2622 superius
956 2575 1242 2623 assignavimus,
1261 2575 1322 2611 uhi
1340 2585 1371 2618 Ι)
1389 2574 1508 2623 cipis?
1528 2574 1595 2610 Dic
1609 2602 1617 2618 ,
1638 2582 1678 2609 ut
1701 2575 1764 2622 qui
1794 2588 1868 2610 non
1897 2583 1931 2610 tc
1952 2573 2130 2623 diligunt,
2161 2573 2315 2611 audiant
2342 2581 2379 2608 ct

336 2628 472 2664 dicitur
496 2644 502 2663 :
529 2632 752 2665 illamlalmu
770 2646 896 2667 nocam
914 2635 960 2667 (lo
976 2634 1090 2676 vobis,
1111 2643 1148 2669 nt
1161 2636 1324 2683 (lill'gatis

337 2692 487 2722 int-imm
522 2693 610 2723 aisn!
639 2693 758 2724 clam-i
780 2705 846 2725 νος
867 2697 890 2726 ¹.
924 2695 968 2728 Et
1003 2699 1057 2727 cst
1092 2705 1222 2728 sensus
1252 2706 1258 2727 ῑ
1288 2693 1325 2730 Si

337 2755 524 2794 przeccpta
549 2761 628 2783 mea
649 2749 904 2795 servaveritis,
934 2751 1028 2786 sicut
1042 2758 1078 2786 et
1095 2764 1164 2800 ego
1184 2764 1326 2800 praecc-

337 2814 399 2853 pta
425 2807 540 2841 Patris
561 2807 631 2842 mei
652 2809 815 2854 s‹¹rvavi;
835 2817 871 2844 ct
890 2810 919 2845 si
944 2810 1154 2846 manseritis
1174 2811 1210 2846 in
1231 2811 1326 2846 dile-

340 2865 462 2899 ctione
492 2878 595 2909 mea,
619 2867 713 2902 sicut
738 2881 805 2915 ego
829 2868 865 2903 in
896 2867 1095 2904 dilectione
1119 2869 1235 2906 Patris
1256 2870 1327 2905 mci

343 2936 474 2958 manco
497 2938 502 2957 :
526 2923 654 2969 idest,
675 2925 703 2959 si
734 2926 824 2961 mihi
854 2927 888 2961 in
915 2925 1155 2963 observantia
1173 2927 1329 2963 manda-

343 2990 463 3016 torum
485 2995 650 3017 meorum
671 2997 786 3032 usquc
811 2984 856 3019 ad
873 2985 1014 3020 exitum
1042 2985 1088 3022 ‹le
1117 2985 1329 3023 habitaculo

343 3041 463 3076 cannis
488 3040 705 3076 obedientes
733 3043 892 3089 fueritis,
913 3043 1021 3091 juxta
1047 3045 1330 3094 possibilitatem

346 3108 477 3134 vestra*
504 3099 730 3145 tragilitatis,
754 3101 847 3137 sicut
868 3104 964 3138 Patri
991 3102 1172 3140 obediens
1196 3105 1246 3140 sui
1269 3118 1332 3140 us-

345 3171 415 3206 quc
439 3158 483 3192 ad
504 3166 660 3193 mortem
683 3160 819 3203 crucis,
842 3159 950 3207 juxta
971 3162 1243 3209 plenitudinem
1270 3163 1328 3199 di—

399 3285 686 3319 ἶ.1ι.)«ἰιι.,κιιι,ζ)”ι.

1391 2633 1571 2681 diligant:
1590 2635 1709 2681 etqui
1735 2641 1768 2668 tc
1794 2633 1974 2682 diligunt,
1995 2633 2110 2681 magis
2133 2646 2175 2669 ac
2200 2633 2314 2681 magis
2340 2633 2378 2668 in

1393 2699 1454 2727 tua
1474 2690 1674 2727 dilectione
1693 2691 1912 2728 fervescant.
1934 2695 2016 2728 Vox
2043 2700 2105 2727 tua
2128 2691 2248 2729 dulcis
2273 2699 2380 2728 sonet

1390 2751 1428 2786 in
1445 2750 1598 2788 auribus
1615 2751 1717 2787 meis.
1736 2751 1823 2795 Dic,
1847 2754 1947 2787 Sicut
1965 2753 2100 2792 dilexit
2118 2765 2176 2786 me
2199 2752 2323 2796 Pater,
2346 2761 2381 2787 et

1391 2824 1457 2858 ego
1477 2812 1596 2845 dilexi
1611 2824 1676 2846 vos
1694 2824 1705 2844 .·
1724 2818 1761 2846 et
1785 2810 1872 2858 quia
1896 2810 2009 2846 dilexi
2029 2823 2114 2856 vos,
2132 2810 2220 2846 mihi
2242 2823 2380 2859 repen-

1393 2868 1469 2905 dite
1497 2870 1632 2913 viccm,
1663 2882 1722 2905 me
1749 2869 1908 2918 diligite,
1938 2878 1974 2906 ct
2000 2870 2038 2905 in
2069 2883 2149 2906 mea
2180 2869 2381 2907 dilectione

1393 2936 1552 2964 manete.
1573 2932 1720 2965 Justum
1739 2937 1814 2974 est,
1832 2942 1978 2978 aequum
2003 2937 2075 2975 cst,
2095 2930 2254 2966 Domine
2268 2933 2355 2967 Jcsu
2369 2957 2379 2975 ,

1394 2987 1465 3023 hoe
1485 2987 1585 3035 quod
1603 2987 1715 3031 dicis,
1728 2987 1799 3023 hoc
1819 2988 1920 3036 quod
1939 2988 2098 3037 imperas
2114 2987 2234 3025 nobis.
2252 2989 2382 3026 Omni-

1394 3045 1465 3083 bus
1480 3046 1634 3094 zequitas
1648 3045 1762 3082 dictat
1778 3056 1815 3082 ut
1831 3047 1987 3083 dilectus
2001 3046 2215 3096 diligentem
2233 3047 2380 3096 diligat,

1397 3113 1435 3141 ct
1450 3113 1594 3140 amatus
1608 3105 1746 3140 amanti
1766 3113 1930 3141 mutuam
1945 3105 2159 3141 charitatem
2177 3105 2380 3154 impendat.

1398 3168 1661 3202 Verumtamen
1682 3165 1790 3200 aliam
1815 3176 1962 3201 causam
1983 3172 2054 3200 tua:
2085 3163 2296 3219 dilectionis
2323 3165 2384 3200 in-
