2504 3928
340 211 400 235 1⁴11

946 203 1229 240 TRACTATUS
1258 206 1321 240 DE
1353 206 1602 239 13'1‘Eluolu
1634 206 1783 241 DOMO.
2311 208 2385 245 748

342 276 530 312 delectari.
555 281 599 313 Se
624 278 740 313 solam
762 291 846 314 cum
869 278 1004 315 dilecto
1032 280 1154 326 videt,
1175 281 1453 330 quandem-‚vel
1476 280 1522 316 ab
1544 281 1606 317 illo
1629 282 1752 317 minus
1773 281 1956 329 diligeris,
1979 281 2007 317 si
2027 281 2073 318 ad
2097 282 2282 320 theoricos
2303 284 2386 321 illos

341 336 751 373 exteriorumomnium
767 337 880 373 oblita
895 352 961 382 ,cx
983 340 1134 388 propria
1155 340 1324 376 conside-
1345 347 1371 378 Α
1397 353 1568 376 excessus
1594 340 1760 375 nondum
1788 340 1950 384 vocaris,
1971 340 2029 376 vel
2054 349 2251 378 vocantem
2281 349 2386 392 sequi

345 395 489 429 ration«-
524 396 559 430 in
596 396 718 431 dilecti
747 397 801 432 sui
837 397 1074 435 dilectionem
1110 399 1333 435 desiderium

344 466 452 488 suum
481 464 678 502 perurget,
706 464 739 491 et
770 470 814 492 cx
845 457 899 492 liis
928 472 1011 506 qna=
1036 459 1070 493 in
1100 459 1238 495 intimis
1258 460 1334 495 suis

346 512 576 556 considerat,
601 514 766 550 animum
796 529 903 551 snum
929 517 964 551 in
991 516 1174 564 ejusmodi
1201 518 1332 553 affectu

343 569 571 615 inflammat,
589 581 622 608 ct
643 581 714 609 tam
733 588 778 609 ex
798 573 983 611 bonorum
998 605 1006 620 ‚
1025 589 1136 624 quam
1155 590 1199 611 cx
1221 578 1334 612 malo-

343 641 427 664 cum
450 643 604 667 suorum
621 633 922 670 consideratione
939 634 973 670 in
993 635 1194 682 gratiarum
1217 635 1334 671 actio-

343 699 429 723 nem
451 691 626 739 assurgit3
648 699 684 727 et
706 692 792 728 ltine
813 707 881 742 pro
903 694 1068 742 impensa
1090 695 1228 741 gratia,
1248 695 1333 730 him·

342 758 414 794 pro
439 747 584 785 indulta
614 751 741 796 venia,
764 752 903 787 intima*
926 752 1137 788 devotionis
1166 753 1333 788 vicunms

342 808 536 855 persolvit.
560 812 688 858 l'sque
711 811 746 846 in
778 811 952 847 intimum
979 811 1135 848 dilectus
1154 812 1332 861 perduci-

341 873 416 910 tur,
437 874 472 902 et
494 867 530 902 in
551 869 694 917 optimo
718 870 933 913 collocatur,
957 871 1109 919 quando
1130 884 1174 906 ex
1200 871 1332 906 intimo

341 924 465 961 cordis
484 927 618 962 affectu
632 956 640 971 ,
662 937 697 963 et
718 942 831 978 super
850 930 975 965 omnia
996 929 1172 978 diligitur.

396 984 457 1019 83.
478 985 606 1033 Cogita
624 986 712 1034 quid
730 987 774 1022 sit
794 988 896 1036 quod
918 988 952 1023 in
971 988 1044 1024 vita
1062 997 1122 1024 tua
1139 987 1331 1023 ardentius

1402 398 1568 433 nondum
1592 399 1784 433 merueris.
1807 398 2008 445 Quomodo
2025 399 2123 435 enim
2144 401 2308 449 perfecte
2325 401 2386 438 di-

1402 457 1482 504 ligis
1503 458 1560 492 wl
1582 457 1761 503 diligeris,
1778 457 1806 492 si
1828 458 1863 493 in
1884 471 2115 494 summorum
2138 459 2324 496 desiderio
2340 460 2387 497 ad

1400 529 1560 564 superna
1577 529 1651 551 non
1672 517 1830 565 raperis,
1845 517 1940 552 etad
1960 517 2146 554 theoricos
2163 527 2198 554 et
2214 520 2387 570 anagogi-

1400 588 1462 609 cos
1482 575 1562 609 illos
1577 583 1730 610 conatus
1745 576 1878 611 inentis
1895 577 2118 613 alienatione
2136 591 2211 614 non
2231 579 2387 615 transis?

1402 632 1461 668 xis
1483 646 1590 668 nosse
1611 633 1696 681 quia
1723 632 1930 669 sublimitas
1949 634 2159 670 divinarum
2188 636 2386 672 revelatio-

1400 705 1487 727 nmn
1502 693 1546 728 sit
1562 692 1798 728 manifestum
1813 693 1947 729 divinae
1959 693 2170 730 dilectionis
2185 694 2387 730 indicium?

1399 753 1484 786 Jmn
1506 766 1578 786 mm
1596 754 1715 786 (licam
1729 781 1739 797 ‚
1755 752 1894 800 inquit,
1913 767 1978 788 vos
1994 767 2110 789 servos
2121 781 2131 797 ,
2146 756 2215 789 sed
2229 759 2388 798 c1tm'c055

1398 816 1486 858 qnia
1506 816 1630 846 omnia
1653 825 1739 859 quw
1759 814 1883 846 malm·
1902 826 1924 846 α
1945 815 2060 848 Patre
2080 827 2158 848 meo
2174 841 2185 856 ,
2208 811 2389 860 notaseci

1397 869 1501 905 volsis
1517 877 1540 907 ¹.
1560 874 1690 919 Satagc
1711 884 1799 919 ergo
1821 875 1938 908 Deum
1958 880 2061 908 tuum
2081 873 2210 908 intime
2227 881 2263 908 et
2283 885 2386 909 sum-

1399 943 1456 965 me
1478 929 1648 977 diligere,
1674 938 1709 965 et
1736 930 1838 965 omni
1868 930 1960 966 liora
1986 931 2023 966 in
2054 931 2190 967 divinae
2216 940 2386 967 contem-

1398 988 1572 1036 plationis
1591 988 1765 1036 gaudium
1790 1002 1936 1025 summo
1956 1003 2039 1025 cum
2067 989 2251 1026 desiderio
2272 990 2387 1026 anhe-

340 1041 522 1087 dilexisti‚
546 1045 679 1080 anxius
701 1047 929 1095 concupisti,
953 1047 1056 1096 quod
1079 1055 1111 1082 te
1128 1046 1333 1094 jucundius
1352 1055 1379 1087 B
1400 1046 1486 1082 lare.
1508 1047 1646 1096 Collige
1666 1055 1700 1082 te
1720 1047 1836 1096 ipsam
1856 1047 1900 1083 ad
1925 1048 2175 1097 temetipsam,
2193 1056 2230 1084 et
2248 1049 2286 1085 in
2305 1049 2386 1085 solo

340 1101 544 1147 alliciebat,
573 1104 792 1153 czeterisque
812 1105 988 1142 omnibus
1018 1106 1242 1155 profundius
1266 1106 1327 1141 dc—

340 1159 512 1197 lectabat.
534 1163 735 1199 Considera
764 1177 853 1213 crgo
874 1166 902 1201 si
924 1165 1091 1201 camdem
1123 1166 1331 1202 affectionis

341 1219 572 1267 violentiam,
582 1221 912 1272 delectationisque
920 1223 1184 1260 abundantiam
1198 1225 1329 1270 seniis,

338 1278 490 1326 quando
512 1280 547 1315 in
570 1281 704 1317 summi
725 1281 914 1319 dilectoris
934 1283 1159 1319 desiderium
1181 1284 1331 1320 inarde-

339 1337 426 1375 scis,
448 1339 600 1386 quando
632 1339 667 1374 in
692 1339 773 1387 ejus
799 1341 997 1378 dilectione
1022 1343 1236 1390 requiescis.
1264 1343 1332 1379 Cui

339 1395 494 1432 dubium
512 1398 557 1433 sit
574 1398 676 1446 quod
702 1399 874 1436 intimum
896 1402 1000 1437 illum
1022 1402 1231 1437 affectionis
1259 1410 1332 1438 tuae

338 1455 460 1491 sinum
483 1456 642 1492 necdum
662 1465 802 1504 teneat,
817 1460 845 1495 si
863 1460 1002 1496 intimae
1019 1459 1229 1497 dilectionis
1242 1475 1331 1497 acu-

337 1513 416 1549 leus
445 1515 606 1551 animam
636 1524 735 1553 tuam
757 1518 794 1553 in
825 1518 961 1555 divinis
990 1519 1186 1556 affectibus
1207 1521 1332 1557 minus

336 1581 525 1621 penetrat,
549 1575 711 1624 tepidius
728 1577 908 1626 exagitat,
931 1591 1042 1627 quam
1062 1579 1099 1614 in
1122 1579 1252 1616 alienis
1276 1580 1331 1616 af-

336 1632 563 1670 fectionibus
595 1635 798 1684 aliquando
826 1646 1025 1686 penetrare
1054 1638 1115 1674 vel
1143 1639 1330 1688 exagitare

337 1691 505 1728 solebat?
525 1693 595 1729 Sed
624 1695 652 1731 si
677 1703 815 1732 tantam
839 1710 1013 1746 prorsus,
1031 1698 1090 1733 vel
1118 1698 1214 1734 forte
1238 1699 1328 1735 vali-

336 1750 482 1788 diorem
511 1752 721 1789 dilectionis
746 1755 804 1790 vel
830 1754 1086 1792 delectationis
1111 1757 1328 1794 violentiam

1396 1105 1598 1141 divinitatis
1615 1105 1799 1142 desiderio
1817 1107 2018 1155 requiesce.

1744 1237 1918 1275 CAPL'T
1947 1238 2049 1276 XLI.

1399 1356 1510 1387 Anima
1535 1357 1684 1388 excitatur
1710 1358 1750 1388 ad
1773 1358 2063 1399 contemplationem
2088 1369 2190 1389 rerum
2207 1358 2386 1390 sublimium

1774 1417 1803 1441 et
1819 1411 2005 1441 divinarum.

1450 1521 1511 1558 85.
1532 1519 1653 1557 Debet
1669 1533 1832 1570 namque
1851 1521 1974 1557 anima
1989 1521 2154 1570 perfecta
2166 1551 2175 1568 ,
2189 1531 2226 1559 et
2241 1523 2388 1560 assidue

1397 1593 1632 1617 summorum
1658 1580 1968 1629 contemplationi
1994 1580 2139 1627 dedita,
2160 1581 2263 1617 omni
2295 1582 2388 1619 hora

1396 1639 1709 1689 peregrinationis
1729 1652 1804 1675 suae
1827 1639 2029 1675 terminum
2044 1668 2053 1684 ,
2071 1647 2109 1675 et
2127 1641 2301 1689 ergastuli
2320 1641 2387 1678 hu-

1391 1698 1454 1747 jus
1473 1713 1681 1748 egressum,
1703 1713 1786 1735 cum
1811 1713 1958 1735 summo
1980 1699 2166 1736 desiderio
2189 1709 2385 1750 exspecta-

1396 1772 1454 1804 re,
1475 1767 1511 1794 et
1531 1759 1576 1794 ad
1603 1759 1693 1794 illud
1723 1758 1859 1794 divinae
1888 1759 2217 1808 contemplationis
2239 1769 2386 1809 specta-

336 1809 374 1847 in
398 1810 536 1847 intimis
558 1812 628 1848 tuis
648 1813 743 1849 circa
764 1813 891 1850 divina
920 1817 1176 1865 perspexeris,
1207 1831 1329 1866 quan-
1350 1820 1376 1855 C
1397 1818 1522 1853 culum
1537 1846 1547 1863 ,
1565 1818 1666 1867 quod
1686 1818 1722 1853 in
1745 1818 1868 1853 futura
1890 1818 1963 1853 vita
1984 1830 2197 1866 speramus,
2218 1819 2384 1855 animum

338 1876 411 1905 tam
432 1870 521 1907 alias
540 1884 732 1918 nunquam
753 1882 930 1922 expertus
953 1875 1088 1920 fueris3
1106 1875 1190 1911 vide
1209 1876 1330 1912 adhuc

336 1927 367 1963 si
395 1927 489 1964 forte
517 1930 616 1965 aliud
646 1931 786 1980 aliquid
811 1933 874 1976 sit,
906 1933 942 1969 in
969 1947 1045 1982 quo
1071 1934 1244 1971 delectari
1271 1937 1329 1972 vel

337 1988 526 2024 consolari
541 1990 672 2038 possis.
691 1993 797 2027 Certe
813 1992 994 2040 quamdiu
1011 2006 1165 2042 possum
1184 2008 1229 2030 ex
1244 1995 1330 2030 alie-

337 2058 385 2084 na
403 2047 668 2098 qualicumque
687 2062 726 2085 rc
749 2051 1047 2087 consolationem
1067 2053 1126 2088 vel
1146 2051 1329 2100 jucundi-

339 2114 449 2142 tatem
462 2108 674 2157 concipere,
692 2109 858 2146 nondum
877 2111 996 2147 audeo
1010 2111 1134 2148 dicere
1151 2112 1327 2148 dilectum

336 2173 506 2201 nostrum
527 2167 700 2204 intimum
719 2169 968 2206 ardentissimi
984 2171 1123 2208 amoris
1138 2173 1259 2208 sinum
1279 2181 1329 2209 te-

337 2236 438 2260 nere.
463 2228 593 2273 Satage
622 2240 732 2275 ergO,
759 2228 891 2265 festina
921 2230 1066 2266 trahere
1088 2243 1171 2266 eum
1205 2231 1329 2267 adhuc

338 2281 385 2318 ad
405 2283 582 2320 interiora
604 2294 639 2321 et
659 2288 859 2323 secretiora
880 2289 1003 2325 cordis
1027 2290 1077 2324 tui
1100 2289 1304 2338 penetralia
1318 2320 1327 2336 ,

338 2353 587 2390 qufecumquc
603 2356 641 2379 cs
661 2344 846 2392 ejusmodi
870 2347 1005 2382 anima.
1031 2351 1123 2394 Quis
1143 2349 1242 2384 enim
1266 2363 1329 2385 ne-

339 2407 399 2447 get
417 2400 508 2436 illud
527 2402 700 2439 intimum
723 2405 846 2441 cordis
864 2405 1016 2441 lmmani
1035 2409 1224 2455 penetrale
1241 2410 1329 2445 tales

340 2471 506 2497 recessus
533 2461 688 2509 habere,
710 2478 774 2500 seu
804 2466 913 2501 ctiam
942 2465 1114 2502 obtinere
1141 2480 1268 2516 posse,
1292 2469 1328 2505 in

339 2518 477 2567 quibus
493 2522 626 2556 summi
641 2530 676 2557 et
694 2523 890 2571 singularis
905 2526 1042 2561 amoris
1057 2527 1232 2563 violentia
1245 2542 1328 2564 cum

1396 1889 1504 1913 suum
1525 1876 1754 1926 suspendere
1769 1905 1778 1921 ,
1798 1885 1834 1913 et
1847 1877 1884 1912 in
1902 1875 2086 1925 ejusmodi
2105 1879 2386 1927 exspectatione

1395 1936 1610 1972 vehementi
1631 1935 1815 1971 desiderio
1835 1935 2012 1972 anhelare
2031 1949 2039 1971 :
2056 1944 2096 1972 ut
2117 1936 2218 1985 quod
2236 1937 2384 1974 interim

1396 1995 1499 2031 videt
1522 2008 1590 2044 per
1611 1995 1806 2044 speculum
1828 2002 1865 2031 et
1889 1995 1927 2030 in
1956 1995 2173 2043 aenigmate,
2198 2005 2386 2034 mereatur

1396 2054 1525 2090 videre
1541 2054 1630 2089 facie
1647 2054 1693 2089 ad
1714 2054 1856 2090 faeiem.
1877 2056 2035 2090 Necesse
2050 2062 2105 2090 est
2120 2054 2245 2104 itaque
2262 2056 2308 2092 ad
2321 2070 2387 2093 cor

1394 2113 1509 2148 altum
1538 2112 1759 2158 ascendere,
1782 2120 1818 2148 et
1844 2113 1979 2149 mentis
2011 2126 2164 2150 excessu
2192 2127 2260 2163 per
2290 2115 2387 2152 divi-

1394 2185 1478 2207 nam
1508 2172 1773 2207 revelatim‘iem
1794 2172 2006 2218 addiscere,
2029 2173 2120 2220 quid
2142 2173 2188 2209 sit
2208 2173 2318 2219 illud,
2339 2174 2385 2210 ad

1394 2230 1496 2279 quod
1517 2231 1681 2279 aspirare
1702 2231 1759 2266 vel
1780 2230 1930 2266 studere
1951 2239 2147 2280 oporteat,
2169 2240 2204 2268 et
2225 2232 2270 2268 ad
2288 2245 2385 2281 qua-

1395 2290 1466 2325 lem
1485 2289 1723 2325 sublimitatis
1741 2289 1905 2325 habitum
1920 2291 2085 2326 animum
2105 2303 2211 2326 suum
2228 2304 2385 2340 compo—

1395 2362 1484 2384 nere
1503 2357 1539 2384 et
1556 2361 1767 2384 assuescere
1783 2347 1927 2384 debeat.
1949 2352 2038 2385 ’Nam
2055 2349 2083 2384 si
2097 2350 2208 2385 semel
2224 2350 2269 2385 ad
2284 2351 2382 2387 illam

1395 2408 1584 2443 luciferam
1606 2408 1781 2456 angelicae
1794 2407 2033 2444 sublimitatis
2048 2409 2204 2457 gloriam
2219 2410 2301 2458 quis
2318 2410 2385 2446 ad-

1396 2467 1527 2503 missus
1549 2467 1679 2512 fuerit,
1706 2475 1742 2503 et
1762 2467 1807 2503 ad
1836 2467 1926 2503 illud
1948 2468 2164 2504 divinorum
2191 2469 2382 2507 radiorum

1395 2527 1647 2575 spectaculum
1682 2527 1822 2562 intrare
1854 2527 2033 2562 meruerit
2065 2541 2072 2562 :
2103 2540 2215 2575 quam
2243 2527 2384 2565 intimis

341 2578 480 2625 aliquid
501 2592 567 2627 per
585 2580 756 2616 affectum
772 2581 946 2627 infixerit,
965 2584 1085 2619 aliena
1100 2587 1255 2621 omnino
1272 2587 1331 2623 de-
1348 2589 1380 2622 D
1399 2586 1611 2630 desideriis,
1634 2599 1744 2634 quam
1764 2586 1961 2634 profundis
1981 2586 2170 2635 suspiriis,
2189 2600 2301 2635 quam
2322 2589 2386 2624 in·-

340 2636 540 2673 lectatione
555 2639 662 2674 avelli
680 2653 754 2675 non
774 2641 1032 2689 possitPCcrte
1049 2644 1076 2678 si
1093 2645 1247 2681 alienam
1268 2647 1333 2682 ali-

342 2707 453 2743 quam
481 2698 773 2735 consolationem
795 2701 932 2749 qnaeris
953 2702 1009 2737 vel
1037 2703 1189 2751 recipis,
1212 2707 1330 2741 Deum

342 2762 468 2800 tuum,
481 2758 652 2804 quamvis
674 2759 828 2795 fortasse
843 2774 1006 2806 summe,
1023 2762 1190 2799 nondum
1211 2772 1332 2801 tamen

341 2814 579 2861 singulariter
608 2816 739 2865 diligis.
771 2819 944 2856 Nondum
980 2834 1068 2869 ergo
1095 2822 1132 2857 in
1160 2822 1332 2860 intimum

343 2872 573 2921 perducitur,
592 2876 759 2912 nondum
780 2878 815 2913 in
835 2879 966 2915 intimo
985 2880 1201 2917 collocatur.
1224 2882 1258 2918 Si
1273 2895 1331 2918 er-

342 2944 389 2979 go
410 2945 484 2967 non
507 2934 640 2982 satagis
662 2935 904 2974 introducere
924 2952 1008 2975 eum
1031 2939 1076 2976 ad
1098 2940 1227 2977 intima
1250 2950 1330 2989 tua,

342 2990 536 3037 quomodo
563 3000 597 3027 te
621 2994 767 3030 credam
796 2997 890 3033 velle
909 2999 966 3034 vel
992 3012 1100 3047 posse
1121 3001 1224 3049 sequi
1245 3014 1329 3038 eum

342 3048 388 3084 ad
408 3048 580 3085 sublimia
598 3055 688 3088 sna?

396 3108 455 3144 8⁴²1.
474 3111 623 3145 Certum
642 3124 730 3160 ergo
745 3113 890 3162 signum
911 3115 976 3152 tibi
997 3117 1060 3162 sit,
1082 3131 1328 3168 qufecumque

342 3180 380 3203 es
400 3167 542 3214 anima,
567 3171 669 3219 quod
697 3172 873 3211 dilectum
903 3184 1004 3212 tuum
1035 3178 1157 3214 minus
1184 3178 1324 3228 diligis,

392 3295 581 3330 ¹J0a11.xv,
612 3296 660 3325 15.
680 3316 706 3319 Ὗ
741 3303 751 3318 ³
770 3299 840 3329 Cor.
859 3311 943 3336 xiii,
971 3304 1017 3332 18.

1397 2644 1669 2681 emn·i·al›ilil›us
1686 2644 1884 2693 gemitibus
1907 2658 1990 2681 enm
2012 2645 2076 2694 qui
2096 2644 2283 2693 ejusmodi
2303 2655 2381 2693 est,

1397 2713 1573 2754 putamus
1593 2705 1784 2750 insistere,
1806 2717 1915 2753 quam
1932 2703 2077 2740 assidua
2098 2703 2358 2742 recordatione
2372 2734 2382 2751 ,

1399 2778 1509 2812 quam
1542 2763 1710 2812 jucunda
1747 2763 1993 2799 admiratione
2032 2763 2237 2812 inspectam
2274 2765 2384 2801 clari-

1401 2832 1511 2859 tatem
1534 2823 1721 2858 credimus
1748 2836 1832 2858 eum
1853 2830 2053 2858 retractare
2068 2851 2077 2867 ,
2104 2830 2303 2871 menteque
2325 2836 2384 2859 re-

1400 2883 1572 2927 volvere3
1594 2882 1692 2917 illam
1716 2881 1985 2926 desiderando,
2007 2882 2107 2917 illam
2136 2881 2382 2930 suspirando,

1399 2941 1498 2977 illam
1521 2940 1832 2989 contemplando,
1860 2940 1980 2976 donec
2007 2940 2156 2977 tandem
2181 2941 2383 2989 aliquando

1396 3000 1432 3036 in
1455 3000 1622 3036 eamdem
1652 3001 1848 3048 imaginem
1871 3000 2159 3036 transformetur
2180 3013 2200 3036 a
2216 3000 2382 3037 claritate

1396 3061 1432 3096 in
1454 3061 1680 3105 claritatem,
1705 3068 1878 3108 tanquam
1903 3073 1922 3095 a
1946 3059 2096 3095 Domini
2118 3059 2314 3107 Spirstu'?

1438 3122 1499 3156 86.
1516 3123 1780 3156 Verumtamen
1797 3132 1880 3154 cum
1893 3118 1939 3154 ab
1955 3119 2017 3154 illo
2034 3117 2270 3155 sublimitatis
2284 3127 2380 3156 statu

1392 3179 1437 3216 ad
1459 3178 1708 3228 nosmetipsos
1728 3177 1911 3225 redimus,
1936 3178 1996 3214 illa
2021 3190 2104 3226 quae
2132 3178 2237 3226 prius
2266 3191 2380 3229 supra
