2418 3949
79 153 149 190 381

841 148 1122 192 TRACTATUS
1152 149 1378 185 ASCETICI.

78 230 277 267 mundanae
306 228 527 272 honestatis,
557 227 737 264 mundani
759 226 919 272 favoris,
952 224 1100 262 mun-¹⁸

2058 152 2134 188 382

1106 225 1117 241 ‘¹
1134 225 1199 262 sed
1217 239 1292 261 non
1315 226 1420 262 multi
1443 226 1574 262 Jacob.
1597 230 1718 264 Rarus
1735 228 1800 276 qui
1820 227 1910 264 sciat
1924 230 2019 264 Esau
2038 241 2133 278 sup-

77 289 183 326 danae
203 288 463 327 dealbationis.
487 286 614 324 Laban
635 287 734 323 enim
760 285 956 323 Dealbatio
977 285 1070 321 dici-
1086 286 1115 318 A
1139 284 1329 334 plantare,
1364 283 1491 320 Laban
1523 285 1671 331 fallere,
1706 286 1798 323 deos
1829 285 1910 335 ejus
1944 287 2134 334 infodere3

80 357 152 385 tur.

132 407 167 442 8.
189 409 247 442 An
266 418 342 441 non
360 404 423 441 tibi
440 404 620 441 videntur
635 404 805 453 quaedam
822 402 948 440 Laban
970 401 1071 438 idola

80 466 119 502 in
138 465 272 501 itinere
293 465 438 511 tulisse,
456 472 493 500 et
512 463 697 500 saecularis
713 463 910 500 simulacra
930 461 1073 498 vanita-

82 525 146 570 tis,
169 525 233 573 qui
259 523 469 574 superfluos
489 523 615 560 nescio
635 535 732 571 quos
752 522 899 571 lepores
924 520 1075 570 religio-

82 585 120 620 ni
139 583 460 633 superinducunt;
484 582 549 632 qui
569 582 731 630 antiquae
750 580 997 617 observantiae
1019 592 1077 616 re·

80 644 184 693 gulas
210 643 369 680 novellis
398 641 739 691 dispensationibus
767 647 1007 690 temperant,
1039 647 1075 676 et

80 703 211 738 vinum
246 714 355 738 suum
389 713 486 749 aqua
521 700 680 736 miscent
698 715 708 746 ;
743 699 808 749 qui
847 698 1072 736 laboriosam

81 765 233 798 Patrum
253 761 400 797 vineam
417 761 454 796 in
483 760 612 796 molles
638 759 783 795 olerum
804 759 935 795 hortos
955 767 1074 794 trans-

81 821 225 866 ferunt,
254 828 290 856 et
304 819 572 856 monachorum
592 818 767 854 duritiam
784 818 823 854 in
840 817 968 854 mundi
985 817 1076 853 deli-

81 880 183 916 cias?
206 880 300 916 sicut
316 879 415 916 enim
432 878 627 924 scribitur,
654 879 818 924 Quorum
840 879 931 913 deus
949 886 1079 913 venter

81 949 132 974 esc
149 939 361 984 ';similiter
378 937 447 974 dici
473 944 613 987 potest,
635 938 805 983 Quorum
824 935 916 971 deus
935 935 1078 971 vanitas

1137 343 1307 380 infodere
1320 371 1330 388 ,
1361 344 1513 392 inquam
1528 372 1537 389 ,
1570 353 1608 380 et
1626 346 1786 394 sepelire
1815 354 1979 382 veterem
2011 346 2135 383 homi-

1139 415 1223 439 nem
1235 431 1244 448 ,
1264 403 1610 453 mundffimaginem
1626 432 1636 449 ‚
1659 406 1781 441 saeculi
1801 405 1915 455 hujus
1931 406 2137 443 conformi—

1140 470 1249 498 tatem
1263 491 1272 508 ,
1293 471 1333 499 ut
1345 476 1420 499 non
1437 463 1599 512 amplius
1610 464 1866 501 conformetur
1880 465 1968 501 huic
1986 466 2135 511 saeculo,

1141 522 1205 558 sed
1225 523 1450 558 reformetur
1464 522 1503 558 in
1520 523 1686 559 novitate
1702 536 1832 560 sensus
1849 525 1923 573 pii,
1942 526 2138 575 complan-

1143 589 1240 617 tatus
1258 580 1373 617 factus
1388 581 1625 617 similitudini
1641 582 1771 618 mortis
1790 583 1944 629 Christi,
1968 593 2008 621 ut
2029 585 2139 621 simul

1141 639 1428 676 resurrectionis
1444 640 1519 675 fiat.
1538 642 1620 675 Hoc
1636 648 1692 675 est
1714 641 1813 676 enim
1831 642 2009 679 damnare
2029 652 2065 680 et
2079 644 2141 680 de-

1139 700 1216 736 lere
1232 707 1268 736 et
1285 699 1463 736 defodere
1480 699 1581 736 idola
1595 699 1723 736 Laban
1737 729 1746 745 ,
1767 701 1796 736 si
1818 703 1956 738 veteris
1971 712 2007 739 et
2023 712 2142 740 terre-

1140 760 1193 805 ni,
1211 772 1323 808 quam
1340 760 1589 809 portavimus,
1607 759 1773 795 hominis
1789 761 1911 810 imago
1928 762 1990 797 liat
2004 763 2040 798 in
2059 763 2145 799 abs-

1140 820 1358 855 consionem
1373 828 1430 865 ;et
1445 819 1535 856 novi
1556 827 1593 855 et
1611 820 1770 856 caelestis
1786 848 1795 865 ‚
1815 820 1854 856 in
1877 821 2147 867 ostensionem,

1142 879 1236 915 sicut
1257 878 1505 916 terebinthus.

1203 939 1259 976 10.
1287 943 1377 976 Haec
1404 938 1543 975 idcirco
1571 947 1643 975 tam
1675 939 1831 976 sollicite
1866 940 2078 989 distinguo,
2104 954 2150 977 ne

82 1006 138 1034 est
161 1012 169 1034 :
191 1006 228 1034 et
260 998 312 1034 sic
338 1010 406 1046 per
434 996 599 1046 singulas
626 994 812 1032 saecularis
838 993 1087 1032 dealbationis
1106 996 1130 1029 B
1152 999 1249 1035 sorte
1268 999 1327 1035 vir
1346 998 1568 1047 subjiciatur
1585 1027 1594 1044 ,
1616 1007 1652 1034 et
1678 999 1814 1035 mulier
1835 1000 2082 1048 praeficiatur3
2104 1013 2151 1036 ne

82 1066 120 1095 et
148 1057 408 1094 delectationis
441 1056 597 1106 species.
636 1057 828 1102 Quantum
853 1067 1005 1099 vereor,
1037 1067 1084 1091 ne

84 1131 152 1154 nos
171 1124 402 1154 revertentes
431 1116 476 1153 de
498 1115 769 1165 Mesopotamia
789 1114 904 1164 Syriae
922 1114 1085 1164 plurima

85 1176 300 1226 hujusmodi
327 1175 523 1213 nobiscum
544 1175 643 1212 idola
663 1183 879 1225 portemus,
899 1186 976 1210 non
1005 1172 1082 1222 jam

83 1237 275 1282 clanculo,
307 1235 371 1272 sed
399 1236 436 1271 in
461 1234 682 1285 propatulo;
713 1246 836 1283 neque
862 1232 977 1270 Jacob
1008 1245 1077 1269 ne-

83 1297 242 1343 sciente,
277 1295 340 1333 sed
373 1296 483 1345 plane
507 1295 777 1332 consentiente.
798 1294 976 1342 Quaedam
1003 1297 1078 1330 Ra-

85 1356 164 1392 chel
199 1355 316 1405 patris
341 1354 462 1398 idola,
492 1368 576 1404 quae
601 1353 738 1403 cupide
769 1353 939 1398 sustulit,
971 1361 1078 1388 caute

85 1415 257 1464 operuit,
278 1414 380 1463 quod
400 1414 562 1450 femineo
576 1422 612 1450 et
633 1414 737 1449 molli
754 1412 906 1449 tenebat
925 1412 1076 1457 affectu,

84 1474 309 1511 infirmitatis
349 1472 580 1510 obumbrans
612 1481 648 1509 et
682 1485 864 1509 excusans
902 1471 1076 1508 obtentu.

85 1533 155 1571 Sed
177 1533 279 1582 quod
298 1532 422 1570 Laban
437 1532 629 1576 adoravit,
653 1532 843 1569 etRachel
863 1532 1077 1575 occultavit,

86 1593 203 1629 Jacob
221 1593 407 1643 ignoravit
421 1600 454 1639 2;
472 1592 575 1642 quod
589 1592 690 1642 apud
710 1592 837 1629 Laban
859 1600 939 1628 erat
955 1592 993 1627 in
1009 1591 1080 1627 ho—

88 1665 199 1697 nore,
229 1652 328 1702 apud
358 1652 494 1689 Rachel
516 1652 554 1688 in
577 1664 724 1698 amore,
754 1652 945 1702 cognitum
978 1650 1080 1700 apud

85 1710 201 1747 Jacob
222 1711 258 1747 in
280 1712 447 1748 horrore.
480 1715 680 1761 Propterea
713 1711 815 1760 quod
848 1711 910 1747 ille
930 1710 968 1747 in
995 1723 1079 1759 pro-

1150 1059 1256 1095 sortis
1276 1059 1434 1104 otietur,
1453 1067 1491 1095 et
1512 1058 1653 1107 fragilis
1685 1060 1923 1107 negotietur;
1958 1073 2004 1095 ne
2030 1059 2148 1096 Jacob

1149 1118 1332 1164 decedat,
1353 1127 1389 1154 et
1409 1118 1548 1155 Rachel
1583 1117 1771 1154 succedat.
1802 1119 1983 1166 Quamvis
1997 1119 2149 1167 ,novelli

1149 1178 1231 1225 isti,
1266 1179 1332 1227 qui
1365 1177 1602 1227 temporibus
1639 1177 1696 1214 his
1729 1177 1884 1227 prodire
1921 1187 2146 1228 coeperunt,

1143 1238 1341 1287 compositi
1363 1246 1399 1274 et
1415 1237 1522 1274 nitidi
1543 1245 1580 1273 et
1600 1236 1785 1282 dealbati,
1807 1246 1844 1273 et
1863 1237 2035 1286 quaedam
2054 1252 2150 1288 pro-

1143 1297 1270 1345 genies
1296 1296 1424 1333 Laban
1440 1325 1449 1342 ,
1471 1297 1535 1345 qui
1558 1296 1763 1333 Dealbatus
1791 1296 1949 1342 dicitur,
1971 1310 2039 1333 nec
2072 1301 2148 1334 Ra-

1144 1356 1257 1392 chelis
1276 1356 1313 1392 in
1335 1356 1406 1392 hoc
1433 1356 1634 1405 adaequant
1666 1356 1888 1393 modestiam
1913 1372 1922 1393 ς
1944 1357 2048 1405 quod
2082 1357 2142 1393 illa

1144 1415 1316 1451 vanitatis
1347 1415 1548 1452 mundanae
1569 1416 1727 1452 formam
1752 1416 1978 1452 infirmitatis
1999 1415 2147 1452 obtexit

1146 1483 1183 1510 et
1214 1475 1407 1511 excusavit
1438 1475 1649 1521 velamine3
1683 1475 1742 1511 isti
1774 1488 1865 1511 vero
1894 1476 2152 1512 saecularitatis

1146 1542 1183 1569 et
1207 1534 1476 1582 superfluitatis
1509 1534 1702 1583 negotium
1735 1535 1863 1570 colore
1884 1534 2094 1584 depingunt
2113 1544 2151 1572 et

1146 1592 1301 1641 palliant
1337 1592 1601 1636 humanitatis,
1640 1606 1715 1628 non
1749 1602 2006 1642 expurgantes
2040 1604 2150 1631 vetus

1147 1651 1373 1687 fermentum
1391 1679 1400 1696 ,
1434 1651 1499 1687 sed
1528 1651 1645 1700 magis
1674 1659 1906 1688 ostentantes
1941 1654 2151 1702 peregrinis

1147 1709 1318 1746 ciborum
1340 1710 1460 1746 festivi
1482 1710 1804 1756 confectionibus,
1823 1720 1860 1747 et
1876 1712 2034 1762 copioso
2051 1726 2146 1749 con-

87 1771 215 1819 patulo
235 1771 374 1816 coluit,
398 1771 459 1807 illa
474 1771 510 1807 in
534 1771 704 1820 periculo
726 1770 771 1806 ad
794 1779 942 1820 tempus
956 1769 1079 1806 occul-
1101 1764 1127 1799 C
1147 1769 1335 1805 viviorum
1368 1768 1575 1805 laudabiles
1595 1777 1793 1818 apparatu.
1826 1773 1998 1819 Longum
2021 1771 2092 1807 erit
2123 1772 2152 1807 si

91 1830 203 1876 tavit,
236 1831 304 1867 iste
340 1831 377 1867 in
414 1839 640 1880 perpetuum
672 1830 855 1879 sepelivit.
889 1832 1078 1877 Sepelivie,

88 1890 239 1938 iuquam
255 1917 264 1934 ,
289 1899 323 1925 et
337 1888 494 1936 snsfodaee
511 1893 597 1925 deos
617 1892 759 1924 alienos
774 1889 893 1924 subter
917 1888 1079 1924 terebin—

89 1947 216 1984 tlmm³
236 1962 242 1983 :
264 1948 333 1985 sub
365 1948 499 1984 arbore
525 1948 633 1994 lidei,
662 1947 878 1984 ambitionis
909 1961 1015 1984 vanae
1045 1955 1082 1983 et

90 2007 274 2043 sat-cidaris
289 2016 489 2057 apparatus
505 2008 736 2044 memoriam.

143 2067 179 2101 9.
205 2066 375 2115 Denique
396 2066 495 2103 lideli
519 2067 652 2103 animae
673 2076 757 2116 post
779 2067 1023 2104 tentationem
1043 2069 1081 2105 in

91 2125 339 2174 promissione
366 2125 502 2161 dicitur
517 2140 523 2161 :
543 2128 627 2161 Erit
642 2130 680 2161 in
697 2130 902 2161 ostensione
920 2131 1011 2162 sicut
1029 2136 1081 2162 ee—

92 2183 288 2228 ramathas,
312 2193 347 2219 et
367 2190 462 2220 slent
483 2198 633 2232 quercus
649 2199 735 2233 quse
756 2187 943 2233 expandit
963 2199 1084 2221 ramos

90 2242 194 2278 ,ταας-4
212 2242 335 2278 subter
365 2244 625 2287 terebinthum,
655 2258 741 2292 quoe
770 2253 823 2279 est
845 2253 930 2291 post
957 2244 1082 2281 urbem

91 2303 328 2337 .s·icl1imormn
351 2301 378 2338 ⁵.
415 2303 576 2340 Sichima
610 2304 766 2341 Humeri
801 2304 951 2340 dicitur.
988 2306 1081 2342 Boni

92 2361 237 2397 humeri
260 2361 311 2397 illi
337 2362 383 2398 de.
403 2362 540 2411 quibus
561 2363 696 2412 legitur
714 2378 720 2399 :
739 2364 951 2399 Posteriora
983 2366 1084 2400 dorsi

92 2422 168 2466 ejus
192 2425 230 2457 in
259 2424 407 2470 pallore
435 2421 553 2457 anri6.
586 2425 710 2459 Bonus
740 2422 919 2459 humerus
947 2423 1083 2460 Christi

91 2482 177 2515 Jesu
195 2492 202 2513 ι
225 2481 358 2514 Factus
379 2489 434 2514 est
458 2480 557 2516 enim
575 2482 807 2528 prim-ipatus
827 2495 939 2528 super
955 2482 1082 2517 hume-

93 2551 171 2573 rum
191 2539 306 2582 (γίιςῖ.
328 2541 414 2575 Post
433 2539 527 2575 hanc
547 2539 744 2576 Sichimam
763 2539 884 2589 posita
907 2548 963 2576 est
991 2548 1085 2577 tere·
1103 2536 1134 2570 D

95 2594 270 2642 binthus;
290 2597 453 2646 plantata
475 2606 530 2634 est
549 2599 586 2634 in
606 2599 776 2648 passione
793 2599 928 2636 Christi
947 2607 983 2635 et
998 2599 1082 2636 fide.

98 2654 200 2690 Felix
219 2654 283 2703 qui
313 2655 348 2690 in
375 2656 440 2691 hae
456 2654 590 2692 arbore
609 2656 811 2706 triumphat
825 2669 956 2693 omnes
980 2657 1088 2706 prin—

94 2714 238 2763 cipatus
253 2723 288 2749 et
302 2723 500 2764 potestates
514 2743 523 2760 ,
545 2723 581 2751 et
597 2715 666 2752 sub
683 2716 763 2764 ejus
778 2715 899 2752 radice
916 2716 1089 2753 vanitatis

97 2772 268 2809 universa
288 2773 422 2810 infodit
438 2774 653 2811 simulacra:
671 2783 802 2811 ventus
823 2775 922 2811 enim
944 2783 981 2811 et
1005 2775 1086 2811 ina-

102 2846 147 2868 nc
163 2861 172 2877 ,
190 2834 424 2870 simulacrum
441 2848 568 2871 eorum
582 2835 608 2871 ⁸.
632 2840 674 2872 Et
693 2835 776 2872 ideo
801 2836 928 2872 mundi
950 2850 1085 2886 pompa

102 2892 305 2929 simulacris
327 2893 412 2942 jure
431 2895 630 2932 confertur.
652 2898 732 2932 Nou
752 2904 808 2932 est
832 2895 902 2931 hoc
933 2896 1088 2931 inlirmre

98 2952 253 2998 auimae,
280 2961 316 2988 et
342 2954 534 3001 feminea»,
557 2963 593 2991 et
621 2956 780 3006 sragilis3
807 2955 871 2992 sed
899 2955 1090 2991 luctatoris

97 3011 290 3060 cujusdam
316 3021 351 3048 et
385 3015 687 3063 supplantatoris.
727 3016 899 3064 Denique
932 3029 1007 3050 nou
1035 3024 1090 3051 est

101 3071 269 3108 Rachelis
283 3099 292 3117 ‚
314 3072 377 3109 sed
399 3073 536 3120 Jacob3
555 3088 639 3112 nam
658 3076 724 3112 etsi
744 3076 870 3125 plures
890 3075 1090 3118 Rachcles,

154 3209 160 3222 '
179 3203 308 3246 Philipp.
326 3216 382 3239 ιιι,
413 3209 459 3236 19.
477 3225 517 3228 »—
539 3213 548 3228 ²
565 3211 644 3239 (lt-u.
676 3220 752 3237 xxxi
769 3232 776 3243 ,
804 3211 867 3243 53'1,
893 3211 946 3237 139..
972 3227 1011 3230 ,..

105 3269 206 3292 [xvii.
233 3261 282 3288 lsi.

1038 3207 1051 3230 3
1073 3209 1115 3239 ld.
1131 3221 1231 3242 xxxv,
1253 3212 1282 3240 li.
1299 3228 1338 3231 >—-
1359 3210 1371 3234 4
1392 3210 1459 3240 lsai.
1478 3221 1507 3239 vi
1523 3235 1530 3244 ,
1560 3215 1661 3241 1:3.--
1684 3209 1776 3240 5(“.ι·ιι
1807 3223 1908 3247 xxxv,
1937 3216 1961 3243 i.
1987 3232 2005 3234 ψ

354 3261 569 3293 71s>ai.1x.‹··.
592 3280 623 3284 -—
642 3262 655 3283 ⁸
670 3262 713 3292 ld.
731 3274 783 3290 xii
802 3286 809 3298 ,
833 3266 885 3291 Ἤ).
906 3281 940 3284 -ν
963 3268 977 3285 ‘¹
992 3262 1107 3291 coloss.
1127 3274 1170 3293 u.
1191 3267 1220 3291 t'u.

1149 1828 1266 1863 inulta
1299 1828 1475 1864 vanitatis
1509 1841 1734 1877 percurrere
1766 1829 1878 1865 velim
1921 1843 2081 1879 genera,
2116 1840 2154 1867 et

1144 1886 1412 1935 jactantiarum
1446 1889 1655 1937 catalogum
1682 1896 1820 1925 texere.
1856 1890 1903 1927 lii
1939 1899 2027 1926 sunt
2057 1904 2153 1940 quos

1147 1945 1274 1982 videas
1294 1946 1329 1982 in
1349 1955 1456 1995 gestu
1479 1947 1697 1992 thrasones,
1729 1946 1767 1983 in
1788 1949 1974 1985 conviviis
2006 1963 2151 1999 caupo—

1149 2018 1214 2041 nes
1230 2033 1240 2050 ‚
1265 2006 1302 2041 in
1329 2006 1512 2042 conviciis
1537 2007 1748 2056 gnathones
1770 2022 1777 2043 :
1798 2008 1834 2043 hi
1863 2017 1951 2045 sunt
1978 2010 2043 2058 qui
2078 2010 2149 2047 sibi

1148 2064 1266 2101 videri
1296 2065 1431 2101 volunt
1461 2066 1497 2101 in
1533 2067 1705 2115 capitulis
1739 2070 1927 2113 Catones,
1958 2069 1995 2105 in
2031 2070 2152 2106 causis

1149 2125 1372 2170 Cicerones,
1421 2125 1456 2160 in
1497 2126 1624 2162 metris
1670 2130 1868 2172 Marones;
1907 2128 2070 2177 denique
2112 2130 2149 2166 in

1150 2183 1466 2220 collocutionibus
1491 2194 1578 2221 sunt
1607 2186 1735 2232 mimi,
1756 2200 1830 2222 non
1853 2188 2039 2224 monachi.
2076 2191 2151 2225 Co-

1151 2244 1254 2292 piose
1270 2242 1411 2291 jocosis
1427 2244 1631 2281 verborum
1654 2245 1794 2282 salibus
1815 2246 1937 2282 fluunt
1953 2262 1962 2292 ;
1980 2261 2056 2283 non
2079 2249 2152 2284 illis

1148 2301 1194 2337 de
1216 2301 1354 2351 quibus
1386 2304 1610 2352 Apostolus,
1643 2305 1768 2339 Sermo
1794 2314 1916 2340 vester
1937 2319 2084 2354 semper
2113 2309 2150 2342 1⁴11

1145 2366 1268 2409 gralia
1301 2365 1380 2397 sule
1410 2365 1574 2398 conditus
1605 2368 1681 2398 sit9
1705 2379 1712 2400 ε
1738 2365 1854 2413 magis
1891 2365 1954 2400 illo
1990 2365 2036 2401 de
2071 2380 2148 2415 quo

1150 2423 1354 2469 Dominus,
1380 2426 1491 2469 Quod
1508 2428 1538 2459 si
1557 2427 1615 2459 sal
1632 2423 1992 2471 isqfttttcttluttestcc·rt't
2012 2436 2047 2462 ct
2070 2441 2150 2462 ewa-

1149 2487 1269 2518 mcerit
1285 2511 1294 2529 ,
1315 2485 1351 2518 in
1371 2497 1442 2531 quo
1466 2487 1618 2519 salietur
1636 2485 1693 2519 ¹⁰?

1211 2543 1271 2579 ll.
1291 2546 1452 2592 Propter
1480 2544 1570 2580 tales
1599 2557 1688 2593 ergo
1711 2544 1848 2580 videris
1868 2545 1956 2580 mihi
1986 2546 2154 2583 studiose

1154 2602 1421 2651 retentandus,
1452 2612 1487 2639 ct
1522 2617 1597 2639 nou
1629 2603 1942 2648 commutandus3
1966 2613 2002 2639 ct
2032 2606 2060 2641 si
2089 2607 2153 2654 qui

1154 2661 1239 2707 alii,
1260 2662 1361 2710 apud
1395 2676 1491 2711 quos
1510 2663 1674 2711 antiquae
1690 2691 1698 2706 ‚
1719 2671 1758 2698 ut
1778 2663 1903 2707 aiunt,
1937 2664 2154 2701 rusticitatis

1156 2721 1328 2758 resedere
1360 2722 1512 2770 vestigia
1535 2737 1542 2758 ε
1566 2735 1611 2757 ne
1636 2722 1664 2757 si
1696 2721 1837 2757 bonum
1860 2722 1973 2758 salem
1996 2722 2154 2771 abjicia—

1156 2794 1238 2817 iuus
1253 2811 1262 2827 ‚
1294 2782 1516 2817 infatuatum
1541 2781 1808 2831 suscipiamus,
1829 2790 1865 2816 ct
1886 2783 2076 2831 contingat
2110 2785 2152 2820 il-

1154 2840 1216 2876 lud
1239 2841 1525 2889 propheticum,
1546 2845 1590 2875 lte
1608 2845 1774 2876 sia-vitute
1794 2854 1927 2875 messes
1948 2844 2048 2877 illim-
2066 2858 2155 2879 con-

1155 2909 1328 2942 feremur,
1362 2902 1531 2934 mulieres
1553 2904 1740 2935 remanes
1770 2909 1804 2935 ct
1823 2902 1990 2935 docentem·
2011 2915 2093 2938 eam
2114 2910 2154 2941 ¹¹.

1160 2962 1307 2994 l’osseni
1332 2959 1496 3006 singulas
1514 2958 1578 2994 tibi
1602 2959 1824 2995 l‘atriarcha‘
1845 2962 2050 3009 appingere
2079 2977 2092 2997 x
2107 2964 2156 2999 ir—

1160 3026 1274 3062 tutes,
1308 3026 1344 3053 ct
1379 3019 1599 3067 ampliorem
1631 3019 1676 3054 ad
1716 3020 2083 3057 couuucudatiouetu
2120 3023 2155 3058 in

1160 3078 1312 3112 nomine
1332 3076 1448 3112 Jacob
1469 3078 1673 3113 assimilare
1696 3093 1702 3112 ι
1728 3078 1792 3114 scd
1828 3092 1964 3128 parco,
1997 3094 2042 3115 ue
2063 3081 2152 3118 duni

2046 3217 2060 3231 ''
2079 3217 2154 3246 thal.

1299 3268 1326 3281 '¹'
1345 3262 1500 3295 Mattlu.v.
1525 3267 1571 3293 tit.
1592 3283 1628 3286 -Α
1650 3270 1673 3283 ¹¹
1694 3264 1762 3293 lsai.
1778 3275 1882 3294 xxxii.
1911 3270 1957 3294 ΙΙ.
