2418 3949
206 219 298 255 1261
852 224 914 257 DE
945 223 1114 257 VERBIS
1144 223 1319 257 DOMlM
1347 225 1394 259 Lx*
1426 225 1591 260 COEM.

199 295 320 330 dilexi
345 308 421 332 vos.
442 299 474 334 Ο
489 296 600 334 chara
630 297 807 341 charitas,
826 310 848 334 ο
868 306 1007 334 zeterna
1023 296 1290 343 veritas,⁰³⁹et
1307 299 1428 335 omnis
1444 300 1636 337 infernalis
1652 310 1820 338 creatura
1842 303 1968 339 tremit
1986 311 2023 339 et
2042 305 2245 340 contremi-

198 365 221 388 ο
241 352 361 390 dulcis
378 356 587 401 aeternitas,
623 369 646 392 ο
677 355 785 393 beata
816 356 989 401 felicitas,
1022 371 1044 392 o
1071 356 1185 393 decus
1203 359 1231 391 A
1254 358 1322 394 scit
1343 358 1389 394 ad
1416 360 1509 396 tanti
1533 361 1696 397 nominis
1716 361 2006 398 invocationem.
2032 366 2167 410 Magna
2189 372 2244 400 est

2146 227 2242 262 5202

195 414 445 462 Angelorum,
461 429 483 451 o
500 415 679 465 splendor
697 424 911 453 sanctorum
925 446 934 463 ,
955 421 1043 453 Jesu
1064 416 1162 452 bone
1176 445 1185 461 ,

194 475 282 508 Jesu
303 481 448 518 sancte,
468 474 544 510 vita
562 474 819 521 immaculata,
838 476 916 511 vita
941 483 1098 520 aeterna,
1123 487 1184 511 sa·-

196 531 254 568 lus
272 532 511 582 incorrupta,
530 542 710 584 perpetua
738 535 856 584 gloria
870 562 880 580 ,
913 543 1014 571 totus
1038 535 1159 571 dulcis
1172 563 1182 580 ,

196 598 297 627 totus
311 591 497 629 amabilis!
522 593 717 642 quomodo
735 606 803 630 nos
818 593 971 639 amasti,
990 593 1184 642 quomodo

196 662 266 688 nos
289 651 472 699 dilexisti,
493 653 557 702 qui
579 660 613 689 te
640 653 761 703 ipsum
788 653 826 689 in
848 662 1005 690 mortem
1025 653 1157 689 dedisti
1175 656 1181 688 ἔ

193 717 311 750 Amor
329 721 415 749 tuus
432 713 589 750 nescivit
605 711 746 749 habere
770 712 923 748 modum
938 728 947 759 3
974 721 1011 749 et
1028 725 1182 749 mensu-

194 784 270 808 ram
289 780 369 817 tua,
390 785 413 808 0
435 772 596 818 Christe,
617 771 776 808 charitas
796 780 923 808 tenere
945 785 1022 808 non
1045 772 1182 821 potuitu

191 832 291 866 Sic-ul
310 833 445 867 dileaeit
463 845 521 866 me
536 832 660 876 Pater,
674 831 798 880 inquis
812 859 820 876 ,
841 840 877 867 et
892 845 955 879 ego
972 833 1090 866 dllexl
1103 845 1180 867 vos.

191 890 342 928 Utinam
367 898 404 926 ct
430 903 500 940 ego
526 903 644 927 essem
672 903 784 939 quem
807 890 979 940 diligeret
998 891 1183 927 Dominus

192 951 316 986 meus!
347 949 491 985 utinam
515 949 701 986 audissem
729 963 777 986 ex
803 963 870 986 ore
898 950 1052 986 Domini
1082 950 1181 995 mei,

192 1009 293 1044 Sic-ut
317 1011 452 1045 (lllext'c
477 1023 534 1045 me
559 1011 688 1054 Pater,
711 1019 747 1045 et
768 1023 834 1058 ego
853 1011 972 1046 dilexi
1000 1011 1056 1045 te!
1082 1009 1181 1056 Quid

1253 417 1367 465 igitur
1393 417 1542 454 dilectio
1571 419 1688 455 Patris
1716 421 1753 456 in
1783 420 1937 465 Filium,
1965 434 2049 457 cum
2079 422 2130 458 sic
2157 436 2242 459 eum

1253 475 1531 523 sublimaverit,
1558 491 1640 514 cum
1663 479 1714 514 sic
1732 492 1816 515 eum
1838 480 2081 525 exaltaverit,
2109 490 2149 518 ut
2165 495 2244 518 om·

1252 536 1313 572 nia
1334 535 1507 586 subjiciat
1531 537 1600 573 sub
1624 537 1784 586 pedibus
1814 538 1913 587 ejus,
1940 548 1981 576 ut
2003 541 2128 577 omnia
2154 555 2243 592 sup-

1251 604 1368 644 ponat
1391 596 1525 632 ditioni
1548 596 1642 645 ejus.

1303 654 1338 690 9.
1353 654 1541 700 Vidimus,
1556 657 1750 704 quomodo
1767 661 1875 694 Pater
1890 658 2019 695 dilexit
2035 660 2240 698 Christum:

1251 726 1352 750 nunc
1372 723 1542 764 superest
1560 723 1602 752 ut
1618 716 1812 754 videamus
1837 719 2030 767 quomodo
2055 733 2124 756 nos
2147 721 2242 757 dile-

1251 772 1304 807 xit
1323 772 1503 809 Christus.
1536 774 1607 810 Sed
1634 776 1739 824 quis,
1763 777 1935 825 inquam,
1962 777 2100 814 valebit
2120 780 2243 829 expli⁴

1249 832 1359 867 care?
1388 833 1479 879 Quis
1508 846 1674 882 unquam
1704 835 1868 870 enodare
1897 848 2071 873 sermone
2105 839 2244 875 amoris

1249 888 1517 927 abundantiam
1532 921 1541 936 ,
1563 892 1751 930 charitatis
1768 894 2005 930 eminentiam
2021 923 2030 940 ,
2049 909 2160 944 quam
2181 898 2243 933 ha-

1249 947 1332 985 buit
1352 950 1520 988 Christus
1538 952 1575 987 in
1598 951 1728 998 nobis,
1750 953 1815 1001 qui
1838 952 1969 990 dilexit
1988 967 2077 1001 nos,
2100 964 2136 991 et
2154 956 2243 992 lavit

1250 1022 1318 1045 nos
1343 1023 1361 1046 a
1396 1012 1557 1060 peccatis
1591 1012 1729 1048 nostris
1767 1013 1804 1048 in
1837 1014 2017 1061 sanguine
2050 1028 2118 1051 suo
2148 1017 2243 1065 :qui

191 1068 280 1105 mihi
300 1068 377 1117 jam
398 1068 527 1105 deesse
550 1077 702 1118 posset,
725 1069 754 1105 si
787 1081 846 1105 me
871 1069 1042 1118 diligeret
1075 1073 1182 1106 Jesus
1204 1067 1231 1100 B
1252 1077 1410 1104 mortem
1432 1079 1597 1106 nostram
1619 1084 1684 1106 sua
1705 1080 1825 1107 morte
1845 1071 2048 1117 destruxit,
2075 1088 2144 1124 pro
2174 1089 2242 1111 no-

189 1129 317 1164 meus?
338 1141 459 1175 meus,
480 1129 633 1177 inquam
649 1155 659 1173 ,
690 1136 727 1164 et
742 1128 884 1164 utinam
903 1130 1027 1165 meus!
1048 1131 1079 1165 O
1101 1129 1180 1165 feli-

186 1200 249 1224 ces
278 1187 435 1224 divitiae!
470 1200 492 1224 0
519 1200 610 1237 opes
642 1186 784 1232 beatae,
806 1187 999 1237 possidere
1027 1189 1177 1232 Jesum,

187 1246 381 1295 possidere
401 1247 608 1283 Dominum
628 1246 837 1284 Christum!

241 1305 277 1341 8.
302 1305 433 1351 Illum,
452 1306 503 1342 mi
528 1306 657 1350 lector,
678 1306 830 1355 posside
849 1320 918 1356 per
938 1320 1126 1353 amorem,
1144 1316 1181 1344 et

185 1364 239 1401 sic
267 1365 370 1402 illum
396 1364 604 1414 possidebis
627 1365 854 1402 aeternaliter
870 1379 939 1415 per
962 1366 1100 1402 amoris
1121 1379 1180 1403 re-

186 1423 443 1461 tributionem.
466 1428 552 1474 Ipsa
574 1425 719 1461 Veritas
746 1425 797 1461 ait
824 1439 832 1461 :
862 1427 942 1474 Ego
971 1427 1178 1473 diligentem

187 1495 244 1517 me
261 1485 403 1531 (lih’go,·
422 1493 456 1519 et
476 1488 541 1531 qui
559 1486 733 1520 dileoeeric
753 1497 830 1529 me,
851 1486 1030 1533 diligetur
1052 1499 1076 1519 α
1097 1486 1179 1520 Pa-

182 1552 238 1577 tre
262 1555 356 1586 meo,
379 1552 416 1578 et
441 1556 505 1591 ego
525 1545 679 1591 diligam
700 1557 796 1587 eum,
819 1553 855 1579 et
879 1542 1126 1591 tnanrseslaho
1146 1550 1180 1579 ei

184 1614 242 1636 me
262 1605 380 1650 ipsum
397 1608 423 1638 ¹.
454 1605 627 1649 Quantus
649 1603 761 1639 fuerit
787 1615 908 1648 amor,
941 1605 1052 1652 quem
1080 1603 1177 1639 eirea

184 1673 254 1696 nos
269 1660 438 1698 Christus
462 1661 660 1697 moriendo
681 1660 871 1707 exhibuit,
904 1675 1079 1698 enarrare
1100 1676 1175 1698 non

181 1720 320 1756 sufficit
356 1720 492 1769 aliquis
527 1721 685 1758 vivens:
708 1721 883 1769 lacrymae
915 1720 1063 1765 dicant,
1090 1722 1177 1771 qnia

183 1793 293 1817 voces
317 1780 505 1830 explicare
537 1793 614 1816 non
636 1788 792 1829 queunt.
830 1781 928 1815 Sic-ut
959 1782 1093 1816 dilexit
1122 1795 1179 1816 me

183 1841 309 1885 Pater,
335 1849 369 1876 ec
394 1853 460 1889 ego
488 1842 609 1876 dilexi
636 1853 715 1875 vos.
752 1839 953 1877 Videamus
982 1840 1176 1889 quomodo
1197 1842 1223 1875 C

179 1912 266 1935 eum
295 1903 397 1936 Deus
429 1903 538 1936 Pater
570 1898 745 1935 dilexerit
762 1927 771 1944 ,
807 1907 845 1935 et
878 1898 1074 1948 quomodo
1108 1913 1175 1935 nos

180 1958 356 1996 dilexerit
381 1959 475 2008 ipse.
509 1960 572 1997 Ait
604 1960 702 1995 enim
735 1959 941 2008 Apostolus
973 1974 981 1994 ε
1019 1960 1175 1994 Clu-istm

169 2017 301 2065 filetus
322 2028 375 2054 est
389 2032 460 2067 pro
481 2019 586 2055 nobis
610 2018 783 2054 obediens
807 2032 919 2066 usque
936 2021 989 2053 cul
1006 2028 1172 2059 mortem,

179 2087 332 2115 mortem
350 2087 473 2114 autem
491 2082 608 2114 crucis
626 2093 637 2113 .·
651 2087 807 2126 propter
824 2081 926 2127 qnod
938 2088 975 2113 et
992 2081 1091 2113 Deus
1111 2093 1173 2113 ‹21:-

178 2141 308 2174 altrwit
325 2141 442 2183 illum,
465 2146 500 2173 et
518 2139 668 2174 donavit
688 2140 887 2173 illc'nnmen
914 2140 1015 2186 quod
1036 2147 1088 2173 esc
1111 2153 1174 2174 su-

175 2212 248 2246 per
265 2211 372 2233 omne
391 2211 548 2242 uomen5
565 2206 606 2233 ut
623 2201 661 2232 in
677 2202 827 2233 nomine
844 2198 930 2233 ,[ιυί(
950 2212 1058 2233 Omne
1074 2214 1171 2246 gem(

164 2258 357 2303 flectatur,
375 2259 586 2302 coelestium,
605 2262 830 2293 terrestrium
845 2267 881 2293 et
897 2257 1125 2305 inferum-mn
1142 2265 1167 2294 ¹.

178 2321 223 2354 Et
255 2318 442 2368 propheta
475 2318 633 2366 loquens
663 2317 709 2354 de
737 2331 782 2353 eo
811 2318 857 2354 ad
892 2321 1061 2363 Patrem,
1085 2320 1136 2355 ait
1160 2334 1165 2354 ;

179 2381 320 2413 Omnia
339 2376 525 2423 subjecisti
541 2377 606 2413 sub
618 2377 775 2425 pedibus
793 2379 874 2424 ‹gjtcs
889 2393 900 2412 .·
921 2392 1000 2413 oves
1017 2387 1051 2413 et
1066 2378 1170 2414 boves

175 2441 372 2482 universas,
407 2441 560 2485 insuper
591 2446 630 2472 et
651 2451 790 2485 pecora
827 2442 969 2486 campi;
1004 2440 1170 2473 volucre,-

174 2499 260 2531 eaeli
288 2505 326 2532 et
349 2500 472 2544 pisces
500 2501 629 2540 maris,
652 2500 717 2544 qui
732 2496 1000 2544 perambulant
1020 2502 1170 2533 semitas

175 2560 291 2591 maris
305 2555 330 2591 ³.
358 2558 454 2592 Ecce
480 2556 675 2604 quomodo
697 2555 827 2592 dilexit
851 2560 953 2593 Deus
980 2560 1090 2593 Pater
1109 2558 1168 2594 Fi-

175 2615 267 2650 lium
288 2628 296 2650 :
318 2613 450 2663 etipse
471 2628 543 2649 ηοη
555 2617 709 2660 judicat
728 2629 963 2663 quemqnam,
982 2618 1048 2650 sed
1063 2619 1170 2661 judi-
1193 2622 1220 2654 D

173 2678 270 2708 cium
287 2684 396 2707 omne
417 2673 519 2707 dedit
537 2674 639 2707 Filio
658 2673 760 2717 suffl,
784 2681 819 2707 et
835 2674 938 2707 dedic
960 2675 1018 2707 illi
1037 2686 1168 2707 ηοηιεή

173 2733 276 2779 quod
289 2739 467 2779 estsuper
485 2744 592 2765 omne
608 2744 753 2774 nomen,
783 2739 819 2766 ιιι
843 2734 880 2766 in
902 2733 1048 2765 nomine
1067 2730 1146 2779 ejus
1158 2759 1166 2775 ,

173 2789 277 2839 quod
307 2789 447 2825 dicitur
470 2792 557 2825 Jesu
571 2817 580 2834 ,
600 2802 708 2825 omne
729 2803 826 2838 germ
842 2790 1035 2834 flectatur,
1063 2792 1171 2825 coele·

172 2855 299 2893 stium,
317 2853 543 2884 terrestrium
564 2857 600 2884 ec
619 2848 846 2895 infernorum
862 2863 874 2893 ,·
894 2849 929 2885 id
948 2857 1024 2894 est,
1046 2850 1170 2885 omnis

173 2917 346 2946 ereatura
362 2908 543 2954 coelestis,
566 2917 607 2944 ut
633 2917 720 2945 sunt
742 2909 896 2957 Angeli,
922 2909 1143 2958 Archangeli
1162 2939 1170 2952 ‚

174 2969 336 3011 Throni,
359 2968 667 3014 nominationes,
686 2968 920 3017 Principatus
942 2977 978 3004 et
999 2972 1169 3005 Potesta-

175 3037 250 3074 tes,
276 3027 463 3072 Virtutes,
491 3027 716 3072 Cherubim,
740 3036 776 3064 et
795 3027 989 3077 Seraphim
1004 3056 1012 3072 ‚
1032 3036 1068 3063 et
1085 3041 1169 3063 om-

175 3089 232 3124 nis
253 3087 406 3124 coelicus
421 3087 517 3124 ordo
532 3116 541 3133 ,
561 3096 599 3124 et
625 3088 748 3124 omnis
768 3096 939 3124 creatura
966 3088 1165 3124 terrestris.

175 3150 219 3184 Et
241 3160 316 3183 non
335 3147 456 3184 solum
479 3147 673 3192 homines,
694 3147 758 3183 sed
785 3155 821 3183 et
856 3146 964 3183 bruta
994 3146 1167 3182 animalia

173 3206 303 3242 audito
336 3206 489 3243 nomine
511 3207 645 3244 Christi
667 3206 986 3251 contremiseunt,
1016 3206 1169 3255 insuper

227 3337 232 3351 ¹
253 3333 433 3369 Joan.x1v‚
456 3336 508 3363 521.
529 3350 568 3354 ——
591 3337 601 3352 ²
622 3331 756 3373 Philipp.
783 3343 825 3366 ιι,
846 3335 939 3362 8-10.
963 3350 1000 3353 -
1022 3330 1232 3361 jl‘s.=l.x11=.
1258 3334 1274 3360 S
1291 3354 1296 3363 ,
1316 3335 1347 3360 n.
1379 3349 1405 3351 -—

1248 1125 1304 1163 bis
1323 1128 1464 1176 eligens
1482 1130 1599 1175 mori,
1617 1138 1658 1165 ut
1675 1143 1743 1165 nos
1769 1143 1789 1166 a
1807 1139 1928 1167 morte
1942 1131 2117 1169 liberaret
2136 1143 2244 1170 aeter-

1248 1199 1313 1232 na,
1330 1195 1366 1223 et
1387 1200 1455 1224 nos
1469 1188 1558 1224 illuc
1577 1188 1803 1232 attraheret,
1825 1188 1889 1225 ubi
1905 1189 1983 1239 ipse
1998 1199 2053 1226 est
2070 1192 2106 1227 in
2126 1193 2243 1240 gloria

1247 1246 1388 1282 Patris?
1415 1246 1476 1283 Ait
1496 1247 1594 1282 enim
1608 1275 1617 1290 ,
1643 1249 1743 1289 Volo,
1765 1250 1890 1291 Pater,
1915 1257 1956 1284 ut
1974 1250 2034 1284 ubi
2052 1264 2117 1298 ego
2138 1266 2216 1287 snm
2231 1281 2239 1296 ,

1247 1308 1322 1340 illic
1341 1312 1389 1341 sit
1408 1316 1442 1342 ec
1457 1312 1628 1343 minisler
1644 1306 1783 1343 meas5.
1818 1310 1910 1343 Eece
1933 1310 2127 1357 quomodo
2148 1312 2243 1348 dile-

1247 1365 1301 1400 xit
1325 1379 1405 1402 nos.
1427 1369 1499 1402 Pro
1533 1365 1640 1403 nobis
1671 1367 1783 1417 elegit
1817 1368 1931 1412 mori,
1953 1380 2001 1404 ne
2024 1381 2094 1405 nos
2121 1381 2243 1408 morte

1246 1423 1514 1461 damnaremur
1542 1434 1694 1462 aeterna.
1722 1426 1943 1462 Resurrexit
1963 1440 1982 1462 a
2002 1430 2180 1474 mortuis,
2203 1440 2244 1467 ut

1246 1495 1322 1518 snae
1338 1496 1408 1518 nos
1429 1484 1714 1521 resurrectionis
1735 1484 1916 1521 tribueret
1931 1498 2011 1521 esse
2025 1488 2240 1539 participes.

1246 1542 1423 1578 Ascendit
1446 1543 1481 1578 in
1511 1544 1667 1588 eoelum,
1693 1552 1735 1579 ut
1763 1557 1831 1580 nos
1851 1544 2079 1594 proveheret
2104 1547 2149 1583 ad
2173 1562 2240 1597 pa-

1246 1601 1331 1638 latia
1350 1603 1455 1647 coeli;
1485 1611 1521 1638 et
1542 1602 1646 1639 sedet
1674 1603 1720 1639 ad
1748 1603 1940 1639 dexteram
1974 1605 2092 1641 Patris
2123 1608 2242 1643 collo—

1243 1673 1331 1696 cans
1346 1689 1354 1704 ,
1378 1674 1582 1708 coronans,
1597 1671 1633 1697 et
1650 1662 1840 1698 laetificans
1859 1663 1932 1698 illie
1944 1692 1952 1708 ,
1969 1676 2066 1712 quos
2083 1667 2240 1715 proprio

1244 1731 1379 1754 eruore
1396 1719 1575 1764 redemit,
1596 1733 1692 1769 quos
1712 1721 1857 1768 glutino
1874 1720 1942 1757 sibi
1968 1722 2159 1760 charitatis
2178 1737 2238 1760 as—

1244 1779 1360 1814 seruit
1385 1791 1511 1814 seeum
1540 1779 1575 1814 in
1604 1779 1733 1815 eadem
1764 1779 1916 1815 dextera
1947 1783 2076 1818 Patris.
2111 1787 2239 1833 Ipsum

1242 1838 1355 1886 igitur
1375 1838 1563 1875 Christum
1584 1838 1665 1874 sine
1685 1838 1816 1884 modo,
1840 1840 1936 1875 ultra
1954 1841 2130 1886 modum,
2149 1843 2238 1879 abs-

1243 1911 1316 1946 que
1331 1907 1427 1934 meta
1440 1926 1449 1943 ,
1466 1899 1564 1934 ultra
1579 1907 1714 1934 metam
1729 1927 1737 1943 ,
1755 1898 1921 1943 assidue,
1941 1902 2121 1938 continue
2134 1931 2142 1947 ,
2161 1911 2238 1939 toto

1243 1956 1376 2002 eorde,
1404 1966 1479 1993 tota
1504 1966 1652 2002 mente,
1675 1959 1763 1993 totis
1788 1958 1951 2002 viribus,
1985 1961 2071 1995 totis
2087 1962 2239 1998 virtuti-

1243 2016 1312 2053 bus
1333 2017 1550 2066 diligamus,
1581 2030 1827 2062 venerenmr,
1857 2026 1892 2053 et
1915 2032 2104 2064 amemus;
2132 2031 2171 2057 ut
2192 2023 2238 2058 ad

1241 2077 1387 2126 ipsum,
1403 2085 1538 2113 etcum
1560 2077 1642 2125 ipso
1663 2078 1863 2125 pervenire
1883 2086 1918 2112 et
1939 2091 2094 2127 regnare
2115 2082 2239 2117 valea-

1242 2149 1345 2180 mus,
1367 2136 1430 2184 qui
1455 2149 1538 2172 cum
1571 2139 1680 2171 Patre
1706 2136 1795 2171 vivit
1815 2139 1912 2171 Deus
1939 2146 1974 2173 et
1998 2152 2081 2174 eum
2110 2149 2238 2176 saneto

1241 2195 1409 2232 Flumine
1424 2224 1432 2240 ,
1470 2194 1691 2231 benedictus
1738 2196 1840 2230 omni
1884 2205 2054 2245 tempore
2095 2201 2231 2235 sset-uli.

1241 2261 1373 2291 Amen.

1569 2366 1754 2403 SERMO
1783 2366 1899 2404 xm.

1456 2491 1490 2517 ln
1515 2498 1593 2517 xers.
1617 2491 1695 2519 9-13
1715 2498 1782 2528 cap.
1808 2499 1848 2517 xv
1872 2489 2011 2518 Joannis.

1296 2617 1325 2650 l.
1350 2619 1403 2651 De
1426 2614 1626 2649 dilectione
1648 2615 1715 2649 Dei
1738 2627 1814 2661 qno
1837 2615 1921 2662 plus
1946 2614 2056 2660 bibo,
2076 2617 2159 2664 plns
2181 2619 2230 2653 si-

1238 2675 1288 2708 tio
1312 2687 1318 2707 t
1343 2681 1379 2708 et
1400 2685 1440 2707 en
1469 2671 1628 2707 saturari
1651 2684 1725 2706 non
1749 2684 1899 2720 possum
1915 2700 1923 2715 ,
1951 2686 2018 2709 nee
2042 2688 2131 2721 ego,
2165 2690 2231 2712 nee

1236 2731 1370 2779 aliquis
1386 2731 1549 2779 perfecte
1565 2729 1722 2777 diligens
1736 2730 1937 2766 Christum.
1959 2735 2042 2780 Ipsa
2058 2746 2134 2780 qno
2151 2736 2232 2782 plus

1236 2790 1375 2831 editur,
1410 2789 1493 2838 plus
1533 2790 1666 2823 lumem
1702 2798 1878 2837 exanget3
1905 2798 1940 2825 et
1973 2801 2115 2839 quanto
2149 2795 2232 2842 plum

1239 2851 1316 2900 ipsa
1339 2848 1492 2887 bibitur,
1518 2848 1602 2896 plus
1627 2848 1724 2883 sitim
1751 2848 1915 2883 incendit
1944 2864 1950 2884 :
1980 2850 2096 2898 ipsam
2119 2865 2230 2900 quam

1239 2908 1422 2945 inhabitat
1441 2915 1603 2942 mentem
1626 2908 1678 2942 sie
1695 2907 1876 2951 inebriat,
1899 2917 1937 2943 ut
1964 2910 2013 2944 nil
2032 2909 2108 2957 jam
2131 2925 2231 2960 qua*—

1239 2977 1293 3004 rat
1322 2968 1377 3003 vel
1408 2966 1557 3014 diligat,
1584 2979 1653 3001 nec
1677 2966 1834 3016 diligere
1865 2969 1981 3016 possit
2012 2983 2079 3005 nee
2111 2972 2228 3008 xaleat

1238 3035 1374 3075 pra-ter
1394 3038 1478 3061 enm
1504 3025 1567 3073 qni
1591 3025 1642 3061 sie
1665 3025 1847 3061 mundum
1870 3026 2018 3071 dilexit,
2041 3037 2079 3064 ut
2098 3031 2229 3067 Filium

1237 3099 1344 3121 snum
1363 3084 1597 3133 unigenitum
1619 3083 1743 3127 daret,
1766 3093 1805 3120 ut
1831 3087 1953 3121 ‹mmis
1972 3087 2036 3135 qui
2062 3089 2179 3126 eredit
2196 3101 2231 3125 et

1235 3146 1356 3193 diligit
1379 3144 1484 3179 illum
1517 3156 1590 3178 non
1622 3143 1818 3186 moriatur,
1846 3145 1909 3179 sed
1940 3146 2038 3181 vivat
2066 3160 2149 3183 eum
2172 3164 2228 3185 eo.

1240 3204 1291 3241 Ad
1311 3204 1406 3239 hane
1424 3215 1491 3237 nos
1507 3202 1743 3237 dilectionem
1767 3211 1899 3238 auctor
1925 3204 2003 3251 ipse
2029 3205 2207 3242 ina‘stima
2223 3232 2230 3234 -

1437 3333 1556 3360 hlium.
1580 3342 1609 3363 x,
1632 3333 1684 3358 12¹³..
1773 3337 1784 3349 ³
1812 3330 1855 3359 ld.
1883 3341 1952 3363 xii,
1977 3335 2027 3360 1213.
