2418 3949
65 270 136 307 109

767 272 816 306 ΙΝ
845 270 1075 316 CANTICA,
1105 271 1267 307 SERMO
1295 273 1394 307 XVI.

61 353 138 383 stra
151 373 162 391 ,
182 346 263 396 ipse
283 346 348 395 qui
369 346 455 382 fecit
471 353 630 395 utraque
647 358 763 382 unum
778 352 802 382 ¹.
822 349 907 396 Ipse
924 345 1057 396 pacifi-
1075 343 1103 362 ⁴⁷

2048 274 2119 311 110

1124 353 1164 381 ut
1182 358 1258 381 non
1271 345 1349 394 jam
1365 359 1437 395 pax
1455 359 1539 383 cum
1556 350 1655 394 Deo;
1671 347 1734 384 sed
1753 349 1870 397 magis
1891 350 2013 386 unitas
2030 364 2115 387 cum

60 406 160 442 cavit
179 406 359 456 sanguine
376 418 445 442 suo
462 418 540 442 non
558 405 671 442 modo
685 419 769 454 quae
784 406 822 441 in
841 406 950 442 terris
962 434 972 451 ,
989 405 1054 442 sed
1069 404 1101 439 A
1120 417 1166 440 eo
1186 404 1257 440 dici
1277 405 1406 453 possit.
1429 408 1460 443 O
1486 405 1635 443 beatum
1658 407 1862 444 confinium
1874 436 1885 454 ,
1909 407 1974 446 ubi
1988 408 2114 446 subla-

63 478 147 514 quae
164 465 200 501 in
223 465 326 501 coelis
345 471 472 501 sunt2.
495 464 700 514 Disciplina
721 465 821 514 pacis
841 473 978 501 nostrae
996 477 1060 500 su—

59 537 130 574 per
148 537 235 562 eum
249 524 277 560 ³.
296 524 541 574 Disciplinam
561 523 695 561 debitae
707 523 817 560 nobis
833 536 955 573 poenae
973 535 1058 560 sus—

60 585 191 631 tinuit,
209 592 251 622 ut
275 583 386 621 nobis
400 583 554 634 justitiae
574 597 703 634 pacem
726 582 954 620 refunderet.
973 586 1058 632 Ipse

59 644 239 693 punitus,
262 652 302 681 tu
331 644 601 694 repropitiatus
623 658 630 680 :
657 651 695 680 et
722 651 763 678 tu
793 642 966 691 punitus,
990 641 1056 677 sed

58 716 172 752 poena
188 711 250 740 tua
269 715 400 752 pacem
423 700 489 737 tibi
509 702 698 751 parturire
715 713 792 737 non
813 700 948 750 potuit.
971 702 1053 736 Ho-

58 762 127 798 stia
143 761 337 798 immunda
356 761 632 797 contaminatos
651 759 835 796 mundare
853 772 930 796 non
946 767 1053 808 pote-

57 828 137 865 rat,
155 833 232 856 non
253 819 367 856 modo
386 819 497 864 alios,
518 819 584 855 sed
604 831 652 855 ne
675 831 714 855 se
741 819 857 868 ipsam
879 818 1045 868 quidem.

57 879 264 928 Disciplina
293 891 382 927 ergo
412 891 526 927 super
558 890 650 923 nos,
677 878 742 914 sed
770 891 846 914 non
874 886 954 914 erat
983 877 1046 914 illa

56 937 166 975 nobis
183 938 230 975 ad
252 950 381 988 pacem
399 937 606 987 disciplina.
625 940 714 974 Erat
730 937 766 973 in
790 951 858 974 nos
879 937 1049 974 mortali-

55 996 139 1033 tatis
156 1004 196 1033 et
212 996 427 1034 afflictionis
443 996 546 1032 illata
565 996 770 1041 sententia;
788 995 852 1032 sed
870 1009 947 1032 non
968 1004 1051 1032 erat

53 1055 236 1104 injustitia
257 1064 442 1092 revocata.
471 1059 527 1092 Tu
558 1054 710 1104 quidem
736 1054 935 1103 judiciaria
960 1067 1048 1090 sen—

1124 469 1183 497 tus
1216 470 1272 498 est
1303 463 1581 500 inimicitiarum
1612 465 1734 514 paries
1765 466 1927 503 medius!
1959 471 2115 504 Beatum

1123 520 1277 569 quidem
1301 523 1524 569 confinium,
1546 524 1610 561 sed
1632 524 1802 562 nondum
1825 534 1960 563 tutum.
1982 527 2118 564 Adhuc

1123 580 1239 617 hostis
1269 590 1397 618 noster
1426 582 1495 618 hos
1528 591 1644 619 tentat
1674 584 1881 633 pervadere
1916 587 2115 633 terminos,

1123 641 1216 676 fines
1239 641 1464 678 convellere.
1490 645 1555 678 Est
1574 642 1684 679 nobis
1704 644 1740 679 in
1764 645 1911 682 Christo
1935 658 2008 695 pax
2029 659 2115 682 cum

1120 701 1201 735 Deo
1216 703 1325 736 Patre
1337 728 1346 745 ,
1363 699 1429 736 sed
1447 700 1615 736 nondum
1631 714 1703 750 pax
1721 701 1767 737 ab
1786 702 1892 740 hoste
1909 705 2112 741 communi.

1118 756 1339 794 Abundabit
1364 766 1487 794 autem
1516 772 1589 808 pax
1618 759 1720 805 haec,
1747 760 1867 798 donec
1900 762 2115 800 destruatur

1117 817 1343 853 novissimus
1356 817 1552 863 inimicus,
1571 831 1684 854 mors.
1706 821 1860 856 Interim
1878 823 1948 858 etsi
1965 836 2042 859 non
2056 833 2112 860 est

1114 889 1190 926 pax
1209 876 1258 913 ab
1278 877 1382 926 ipso,
1406 878 1593 927 protectio
1612 886 1736 915 tamen
1752 887 1808 915 est
1827 889 1960 917 contra
1977 881 2111 931 ipsum.

1114 936 1195 972 Erit
1217 936 1296 986 ipse
1322 951 1395 987 pax
1426 946 1574 983 nostra,
1594 951 1679 974 cum
1707 939 1882 987 Assyrius
1909 942 2055 977 venerit
2075 943 2111 978 in

1116 1005 1252 1033 terram
1267 1005 1449 1043 nostram,
1470 1006 1506 1033 et
1527 998 1725 1034 calcaverit
1745 999 1781 1034 in
1799 998 1935 1036 finibus
1956 1002 2104 1038 nostris.

1115 1056 1313 1093 Proximos
1342 1055 1412 1093 sibi
1442 1065 1568 1106 potest
1596 1058 1773 1106 Assyrius
1809 1059 1900 1095 fines
1933 1059 2110 1097 infestare

56 1115 170 1152 tentia
186 1115 344 1164 ligatus,
363 1115 428 1152 sed
448 1123 533 1151 tuus
550 1127 626 1150 non
645 1123 725 1150 erat
741 1115 887 1150 solutus
904 1122 1051 1151 reatus:
1071 1116 1098 1150 B
1120 1115 1351 1164 spirituales,
1371 1116 1571 1153 ulteriores
1592 1129 1667 1153 non
1689 1126 1814 1167 potest
1841 1133 1848 1154 z
1873 1119 2016 1156 calcare
2045 1134 2114 1169 po-

53 1182 91 1211 et
120 1187 233 1224 poena
261 1182 362 1220 erat,
389 1182 427 1211 et
458 1187 532 1223 pax
561 1187 639 1210 non
670 1182 761 1210 erat.
792 1177 824 1212 Ο
853 1173 988 1210 misera
1014 1182 1052 1210 et

56 1234 181 1283 gravis
202 1233 400 1283 disciplina
420 1246 534 1283 super
557 1234 653 1270 filios
671 1233 813 1270 Adam!
834 1232 998 1269 conteris
1013 1241 1051 1269 et

54 1306 130 1330 non
155 1293 340 1343 protegis;
360 1293 473 1342 punis
492 1301 529 1329 et
548 1306 626 1329 non
654 1306 813 1342 purgas3
836 1292 1047 1337 consumis,

54 1360 91 1389 et
110 1364 187 1388 non
204 1352 402 1398 concilias;
420 1351 629 1396 consumis,
648 1351 712 1388 sed
730 1352 853 1388 carnis
873 1351 1050 1388 substan-

55 1411 162 1458 tiam,
186 1424 264 1448 non
289 1411 450 1460 culpam.
475 1410 572 1458 Quid
601 1410 667 1447 tibi
697 1419 734 1447 et
753 1411 863 1460 paci?
889 1410 1050 1459 Quando

53 1483 184 1520 pacem
206 1470 395 1515 conferes,
420 1469 479 1506 cui
499 1478 555 1506 est
574 1482 660 1506 cum
680 1478 835 1520 peccato
858 1483 1047 1507 commer-

53 1530 152 1567 cium
164 1531 180 1567 Ρ
192 1530 346 1580 quando
360 1530 530 1567 conferes
543 1530 698 1579 gratiam
711 1559 720 1577 ,
734 1543 818 1580 quae
832 1543 910 1567 non
924 1530 1048 1567 aufers

53 1590 230 1639 culpam?
249 1589 399 1627 Justitia
424 1589 524 1626 enim
551 1597 588 1626 et
614 1602 688 1638 pax
715 1590 891 1626 osculatae
922 1590 1049 1628 sunti.

53 1648 260 1698 Disciplina
283 1648 386 1698 pacis
414 1656 553 1685 nostrae
579 1661 692 1698 super
719 1661 824 1695 eum,
848 1651 912 1698 qui
940 1648 1050 1686 nobis

53 1708 179 1745 attulit
206 1708 351 1745 fructus
375 1715 528 1758 pacatos
553 1707 717 1756 justitiae.
748 1708 878 1744 Dictus
903 1716 958 1744 est
988 1708 1049 1744 ille

52 1768 155 1804 solus
179 1767 356 1805 Salomon
375 1775 504 1804 noster
522 1779 636 1804 verus
660 1767 837 1816 pacificus
852 1796 861 1813 ,
886 1767 990 1816 quod
1010 1769 1048 1803 in

53 1825 189 1864 diebus
210 1826 291 1875 ejus
316 1835 400 1864 orta
424 1826 534 1864 nobis
557 1827 604 1864 sit
623 1825 783 1875 justitia,
800 1835 837 1863 et
855 1825 1051 1863 abundan-

1118 1183 1205 1220 test,
1222 1175 1286 1211 sed
1304 1183 1401 1211 stare
1417 1188 1494 1212 non
1511 1184 1635 1225 potest
1651 1176 1690 1212 in
1712 1176 1850 1214 finibus
1867 1180 2017 1215 nostris.
2036 1180 2115 1216 Erit

1116 1235 1215 1271 enim
1230 1235 1399 1272 Christus
1413 1248 1485 1284 pax
1496 1264 1505 1281 ‚
1519 1248 1604 1271 cum
1621 1235 1821 1272 calcaverit
1835 1236 1873 1272 in
1892 1237 2030 1274 finibus
2044 1251 2115 1274 no—

1117 1294 1201 1331 stris
1218 1294 1403 1343 Assyrius.
1414 1293 1608 1331 Habemus
1620 1295 1825 1331 confinium
1837 1304 1874 1332 et
1885 1297 2089 1333 confinium
2106 1313 2113 1334 z

1116 1353 1321 1390 confinium
1343 1366 1427 1389 cum
1447 1355 1548 1399 Deo,
1567 1362 1603 1389 et
1621 1354 1826 1391 confinium
1845 1368 1929 1391 cum
1947 1356 2112 1401 mund0;

1116 1413 1324 1449 confinium
1342 1425 1428 1449 cum
1443 1413 1596 1462 spiritu,
1611 1421 1647 1449 et
1664 1414 1870 1450 confinium
1886 1428 1969 1451 cum
1985 1428 2112 1452 carne.

1116 1476 1163 1509 Et
1189 1473 1218 1509 si
1247 1471 1475 1521 quibusdam
1501 1471 1642 1508 dictum
1669 1481 1743 1517 est,
1772 1476 1841 1508 Vos
1867 1487 1940 1509 non
1965 1478 2049 1510 estis
2076 1479 2114 1509 in

1113 1546 1243 1575 carne,
1258 1533 1376 1567 sedin
1392 1535 1520 1579 spiritu
1532 1538 1566 1576 73
1582 1532 1749 1568 confines
1767 1540 1889 1568 tamen
1909 1541 1996 1569 sunt
2011 1534 2115 1570 carni

1116 1591 1174 1627 vel
1190 1599 1347 1640 propter
1358 1589 1576 1627 substantiae
1593 1599 1764 1627 naturam
1775 1621 1784 1637 ,
1795 1591 1856 1628 vel
1868 1601 2026 1642 propter
2037 1606 2114 1630 car-

1116 1649 1173 1685 nis
1190 1662 1330 1685 euram.
1346 1648 1474 1685 Hostis
1492 1662 1582 1698 ergo
1599 1662 1710 1686 carne
1724 1658 1852 1686 nostra
1866 1650 1972 1699 quasi
1989 1660 2111 1687 castro

1116 1717 1245 1753 utens,
1264 1708 1436 1757 regiones
1456 1709 1610 1757 spiritus
1627 1708 1673 1744 de
1691 1709 1813 1745 vicino
1832 1709 1998 1755 infestat,
2015 1710 2112 1747 etde

1117 1767 1352 1804 contermino
1381 1766 1557 1816 praesidio
1589 1767 1741 1804 insidias
1767 1768 2013 1805 machinatur.
2041 1769 2113 1806 Sed

1114 1827 1185 1864 erit
1201 1827 1269 1863 iste
1280 1856 1288 1871 ‚
1306 1826 1344 1863 id
1361 1835 1416 1863 est
1430 1826 1600 1864 Christus
1612 1855 1621 1871 ‚
1634 1839 1708 1876 pax
1721 1855 1730 1871 ‚
1747 1840 1832 1863 cum
1846 1829 2022 1877 Assyrius
2037 1829 2114 1865 cal-

55 1885 104 1922 tia
124 1884 263 1935 pacis⁵.
288 1884 494 1922 Abundans
510 1898 597 1922 vere
619 1898 711 1935 pax,
732 1898 816 1934 quae
839 1898 916 1921 non
936 1885 1049 1921 modo
1069 1890 1096 1925 C
1116 1886 1257 1923 caverit
1272 1887 1363 1921 fines
1380 1893 1542 1922 nostros.
1556 1886 1624 1922 Ille
1645 1886 1821 1923 Salomon
1843 1895 1984 1932 noster,
2005 1887 2113 1936 paci-

54 1944 244 1994 praeterita
255 1945 446 1982 suffecerit
461 1945 709 1994 repropitiare
723 1944 857 1981 delicta
870 1973 878 1989 ,
892 1945 956 1981 sed
971 1958 1049 1980 om-

55 2015 102 2040 ne
127 2003 239 2040 etiam
267 2003 436 2040 abundet
457 2004 495 2040 in
526 2004 718 2040 sa’culum.
745 2003 924 2040 Abundat
949 2004 1048 2039 enim

53 2062 177 2100 donec
205 2064 398 2100 auferatur
426 2064 538 2109 luna,
565 2063 686 2099 donec
719 2063 911 2099 auferatur
942 2062 1051 2099 labor

56 2122 313 2160 mutabilitatis
330 2131 467 2159 nostrae
480 2151 489 2167 ,
508 2122 615 2159 labor
634 2123 870 2159 mortalitatis
891 2131 1027 2159 nostrae
1039 2151 1048 2168 ,

55 2182 322 2219 alternantium
349 2181 456 2218 labor
482 2181 709 2218 defectuum.
732 2185 827 2218 Vere
855 2181 1051 2217 abundans

56 2254 151 2291 pax,
177 2255 262 2290 quae
291 2254 367 2278 non
400 2249 455 2278 est
481 2240 566 2277 data
593 2240 639 2276 ad
670 2254 883 2277 mensuram
916 2241 1050 2277 meriti.

57 2303 140 2338 Non
161 2301 262 2337 enim
283 2300 460 2337 meritum
478 2300 646 2346 invenit,
664 2299 728 2336 sed
750 2300 923 2336 contulit.
946 2303 1052 2347 Quo-

57 2359 172 2396 modo
193 2373 270 2396 non
290 2359 487 2396 abundans
502 2372 596 2409 pax,
615 2372 699 2408 quae
715 2367 752 2395 et
767 2359 908 2395 remisit
928 2359 1053 2395 offen-

56 2431 149 2465 sam,
162 2427 198 2456 et
215 2419 381 2468 priorem
397 2418 603 2455 cumulavit
615 2418 794 2467 gratiam?
809 2421 894 2454 Erat
909 2418 1054 2454 homini

58 2479 182 2528 primo
207 2479 245 2514 in
272 2477 447 2528 paradiso
477 2490 573 2527 pax,
594 2485 634 2513 ut
657 2490 733 2513 non
765 2485 892 2526 posset
914 2477 1056 2513 invitus

58 2537 194 2575 abduci
218 2552 226 2574 z
247 2537 312 2575 sed
338 2550 415 2574 non
439 2546 519 2574 erat
545 2537 685 2583 virtus,
700 2549 769 2586 per
793 2550 904 2585 quam
926 2544 1056 2586 postca

59 2605 204 2647 posset,
220 2610 305 2634 cum
327 2598 460 2643 vellet,
479 2596 622 2633 reduci.
640 2600 729 2633 Erat
746 2596 882 2645 gratia,
907 2604 947 2631 ut
968 2608 1057 2644 pos-

1116 1947 1208 1982 ficus
1224 1954 1352 1982 noster
1367 1960 1376 1990 3
1395 1946 1460 1994 qui
1478 1953 1631 1994 praestat
1648 1945 1756 1981 nobis
1772 1959 1900 1995 pacem
1916 1960 2031 1996 super
2044 1960 2113 1996 pa-

1116 2018 1217 2049 cem;
1237 2017 1367 2053 pacem
1391 2017 1475 2040 cum
1502 2007 1631 2047 Patre,
1656 2018 1786 2053 pacem
1810 2004 1857 2041 ab
1882 2005 2008 2051 hoste;
2034 2006 2113 2055 ipse

1116 2072 1233 2113 ponet
1249 2065 1340 2100 fines
1357 2072 1507 2099 nostros
1521 2076 1649 2113 pacem
1662 2062 1689 2098 8.
1703 2066 1734 2100 Ο
1752 2064 1957 2100 confinium
1975 2072 2011 2100 et
2025 2077 2114 2100 con-

1117 2122 1269 2167 finium,
1281 2130 1464 2170 quantum
1479 2121 1698 2170 discrepatis
1710 2121 1949 2158 abinvicem!
1964 2123 2114 2171 quantis

1117 2188 1157 2216 tu
1176 2179 1346 2216 abundas
1365 2179 1509 2230 gaudiis
1522 2209 1531 2225 ,
1552 2188 1588 2215 ct
1605 2180 1754 2228 quantis
1773 2188 1810 2216 tu
1832 2193 1870 2216 es
1893 2181 2058 2218 vicinum
2078 2190 2115 2218 et

1117 2238 1325 2275 obnoxium
1357 2238 1560 2275 scandalis!
1587 2242 1618 2275 Ο
1647 2239 1729 2274 linis
1752 2247 1788 2274 et
1813 2240 1913 2276 finis!
1937 2248 1976 2275 tu
2000 2253 2112 2289 quam

1116 2298 1199 2334 laete
1216 2299 1376 2343 teneris,
1392 2306 1429 2333 et
1447 2306 1486 2333 tu
1497 2310 1609 2346 quam
1628 2298 1815 2333 laboriose
1829 2299 1968 2347 regeris
1981 2301 1987 2334 Ι
2000 2303 2117 2337 L'tro—

1119 2357 1234 2406 bique
1258 2357 1428 2394 Christus
1449 2357 1555 2393 limes
1576 2364 1631 2392 est
1652 2356 1797 2392 medius
1819 2372 1827 2392 ε
1850 2357 1985 2394 isthinc
2006 2372 2121 2407 sepa—

1121 2429 1226 2462 rans,
1253 2416 1356 2452 illinc
1387 2415 1575 2451 foederans
1596 2414 1760 2451 :isthinc
1789 2415 1993 2461 inchoans,
2018 2417 2119 2453 illinc

1121 2488 1399 2512 consummans.
1421 2475 1610 2524 Sapientia
1632 2474 1731 2510 enim
1753 2475 1900 2524 attingit
1920 2475 1968 2511 ab
1989 2476 2060 2512 hoc
2078 2478 2121 2512 fi-

1122 2548 1169 2571 ne
1191 2535 1338 2571 sortiter
1356 2547 1477 2583 usque
1495 2533 1540 2570 ad
1569 2534 1680 2570 finem
1708 2534 1834 2578 illum,
1858 2534 2063 2584 disponens
2083 2536 2121 2572 in

1124 2595 1189 2631 illo
1209 2597 1282 2631 line
1300 2603 1433 2631 cuncta
1455 2594 1620 2631 suaviter
1631 2601 1658 2629 ³¹.
1678 2594 1778 2631 Finis
1798 2594 1859 2630 ille
1875 2594 2034 2631 lectulus
2054 2604 2120 2631 est.

59 2665 115 2693 set
137 2669 212 2693 non
233 2657 336 2693 exire
349 2672 358 2702 ;
373 2656 438 2693 sed
459 2669 536 2692 non
557 2664 637 2692 erat
652 2665 692 2692 ut
708 2664 854 2705 posset,
874 2669 959 2692 cum
979 2656 1058 2691 vel·
1076 2656 1108 2689 D
1125 2655 1216 2692 Ideo
1237 2655 1283 2692 de
1300 2655 1456 2691 muliere
1478 2654 1564 2690 forti
1583 2654 1720 2690 dicitur
1739 2670 1746 2691 z
1768 2657 1907 2690 Procul
1921 2664 1956 2690 et
1975 2658 2021 2691 de
2037 2658 2124 2691 ulti-

60 2715 132 2761 let,
148 2714 285 2751 redire.
306 2714 421 2752 Modo
439 2728 512 2765 pax
531 2714 686 2751 uberior
702 2715 740 2750 in
763 2714 879 2763 gratia
899 2713 1056 2758 Christi,

60 2787 144 2823 quae
172 2782 259 2824 post
286 2775 441 2811 iteratos
472 2787 644 2810 excessus
681 2774 782 2810 ultro
811 2773 991 2819 offertur,
1024 2781 1062 2809 ct

61 2833 286 2883 poenitentes
303 2846 379 2869 non
398 2832 594 2882 repudiat,
611 2831 676 2868 sed
692 2840 852 2869 revocat.
874 2835 971 2868 Bene
988 2845 1059 2880 pax

61 2892 279 2939 abundans,
300 2906 384 2942 quae
413 2892 516 2928 nulla
543 2900 667 2942 potest
687 2891 877 2928 exhauriri
908 2891 1062 2940 injuria,

63 2952 229 3002 paratior
257 2951 304 2988 ad
335 2952 483 2988 veniam
512 2964 624 3000 quam
661 2951 707 2987 ad
741 2951 957 2988 vindictam.
987 2954 1061 2987 Pax

65 3012 144 3049 haec
164 3025 186 3048 a
206 3011 425 3048 remissione
452 3019 693 3061 peccatorum
717 3011 900 3060 incipiens
913 3039 922 3056 ,
942 3023 1061 3059 usque

65 3071 111 3108 ad
137 3071 275 3108 divinae
301 3072 542 3121 participium
570 3070 776 3107 abundavit
803 3079 957 3107 naturae.
990 3070 1062 3118 Qui

6 3171 10 3174 .
65 3131 165 3168 enim
188 3131 353 3168 adhaeret
372 3134 472 3175 Deo,
494 3143 592 3166 unus
612 3130 766 3180 spiritus
786 3128 878 3166 est‘3.

120 3191 155 3227 ⁶2.
175 3190 286 3228 Vides
306 3199 445 3240 quanta
465 3190 786 3240 repropitiationis
807 3188 1057 3232 abundantia,

118 3326 125 3340 ⁸
145 3320 255 3362 lsplws.
272 3331 292 3350 11
308 3346 315 3357 ,
341 3324 390 3352 Η.
415 3339 452 3343 ⁷⁴
475 3327 484 3340 ⁷
500 3322 618 3352 Colo-«s.
641 3332 662 3355 ι,
687 3325 740 3351 ¹20.
760 3339 786 3341 ᾼ
825 3319 836 3341 3
859 3320 926 3350 lsai.
949 3331 1024 3357 ιιιι,
1054 3325 1082 3350 ὅ,

76 3376 123 3405 17.

199 3377 318 3404 7R01n.
342 3386 398 3404 vm
414 3399 420 3411 ,
442 3378 470 3404 ἒ),
553 3378 565 3395 ³
582 3374 780 3404 Psul.‹·x1,x'ii
798 3397 805 3407 ,
829 3376 877 3404 1ἰ.

954 3376 1055 3414 9531).
1072 3384 1152 3408 un.
1182 3378 1205 3403 1.

1125 2715 1343 2761 tttisfittibtts
1354 2720 1515 2762 pretium
1529 2719 1608 2760 rjus
1622 2721 1662 2748 ¹⁰.
1679 2717 1842 2750 Pretium
1858 2720 1938 2761 (jus
1952 2724 2025 2761 est;
2038 2729 2124 2764 pro-

1126 2783 1211 2824 pter
1230 2774 1334 2823 quod
1359 2774 1438 2822 ipsc
1460 2786 1497 2810 se
1516 2772 1720 2822 impendit,
1745 2772 1847 2821 quod
1868 2774 1947 2822 ipse
1967 2787 2005 2809 sc
2023 2775 2123 2810 335ῑί-

1128 2842 1223 2879 mat,
1249 2846 1327 2882 quo
1354 2832 1435 2881 ejus
1456 2833 1632 2881 expletur
1652 2832 1819 2868 aviditas.
1842 2833 1939 2880 Quid
1967 2833 2002 2869 id
2026 2835 2126 2870 aliud

1129 2902 1205 2937 cst,
1229 2892 1298 2928 nisi
1325 2892 1453 2941 sponsi
1483 2892 1678 2941 amplexus
1699 2899 1735 2927 et
1759 2891 1943 2927 lectulus?
1965 2893 2126 2930 [ltimus

1128 2953 1213 2989 linis
1232 2960 1287 2987 est
1301 2981 1309 2996 ‚
1335 2952 1432 2987 ultra
1452 2964 1565 3000 quem
1586 2964 1624 2987 se
1644 2964 1719 2986 non
1740 2959 1865 3000 potest
1885 2951 2041 2988 aviditas
2060 2966 2128 2988 ex·

1133 3011 1309 3055 tendere,
1338 3024 1407 3047 nec
1437 3010 1592 3046 facultas
1622 3010 1947 3059 compi-chendere
1981 3012 2126 3047 suflicit.

1132 3071 1232 3109 Finis
1252 3080 1305 3106 est
1319 3099 1328 3115 ,
1350 3069 1411 3106 ubi
1434 3070 1514 3119 ipse
1534 3084 1554 3106 a
1578 3079 1613 3106 te
1635 3070 1786 3116 delicis,
1809 3069 1873 3106 ubi
1894 3071 2104 3107 exhauriris
2119 3101 2127 3114 ,

1131 3129 1195 3166 ubi
1216 3131 1309 3166 alius
1329 3143 1407 3165 csse
1429 3130 1583 3178 incipis,
1603 3138 1703 3166 totus
1721 3130 1757 3165 iu
1782 3130 1950 3170 Christo,
1971 3140 2006 3167 ct
2032 3133 2131 3167 solus

1131 3190 1166 3225 in
1190 3198 1224 3224 tv
1243 3190 1422 3225 Christus.
1442 3194 1472 3225 Ο
1494 3202 1579 3224 vcra
1599 3202 1690 3238 pax,
1708 3197 1744 3225 et
1760 3190 1870 3239 plena
1893 3203 1963 3239 pax
1980 3218 1988 3228 .
2010 3203 2130 3238 quau—

1905 3338 1910 3339 ν
1928 3323 1941 3337 ‘¹
1966 3323 1972 3349 l
1995 3322 2055 3349 (ιη’
2087 3333 2130 3352 xi.

1172 3321 1258 3350 ¹1³>al
1290 3331 1424 3350 ixxxiv.
1449 3324 1497 3350 ll.
1549 3338 1553 3341 -
1578 3316 1683 3350 5l‘sal.
1701 3331 1774 3348 ixxi
1792 3343 1798 3351 ,
1825 3322 1852 3348 Τ.

1293 3379 1319 3392 ···
1339 3376 1427 3403 l'rov.
1450 3383 1541 3408 xxxi,
1566 3375 1615 3402 10.
