2504 3928
371 254 462 290 1207

1161 252 1329 288 OGEnu
1359 254 1521 288 sumto
1552 254 1635 288 xlv

2310 255 2407 291 1268

366 332 445 379 ipso
471 327 678 364 tacentibus
698 341 706 362 :
731 325 841 361 nimis
868 334 1036 362 nostrum
1062 327 1238 364 interesse
1259 327 1610 373 con-⁰⁴²lcctioni53
1633 336 1672 364 ut
1692 341 1760 364 suo
1781 335 1970 377 praecepto
1994 341 2125 366 omnes
2156 329 2352 376 obediant,
2374 338 2410 367 et

366 388 503 426 sidero.
524 387 551 420 si
583 385 680 420 diem
707 392 743 419 ct
764 384 863 420 diem
885 384 931 419 de
952 385 1034 434 ipso
1053 386 1257 434 loquendo,
1281 400 1355 423 non
1373 388 1401 421 Α
1421 387 1606 422 cervicem
1621 385 1808 435 superbia·
1822 399 1898 422 suae
1914 386 1984 423 sub
1998 386 2089 436 jugo
2104 400 2179 423 suae
2194 388 2411 426 humilitatis

366 444 621 495 perfunctorie
645 445 907 488 terminemus,
930 452 966 479 ct
995 458 1015 480 e
1047 447 1234 482 contrario
1266 446 1356 482 dirae

367 503 618 540 damnationis
651 515 726 538 non
760 501 885 537 subire
918 503 1160 549 sententiam,
1195 505 1223 540 si
1255 505 1358 541 vanis

369 563 493 599 verbis
514 571 679 598 nostram
702 562 1028 598 manumiscrimus
1048 562 1223 611 linguam.
1243 565 1360 614 Igitur

369 636 461 658 vana
483 621 597 657 verba
617 630 652 657 et
670 634 744 656 uon
767 621 939 657 sonantia
957 621 1164 666 Christum,
1186 636 1253 659 nec
1278 623 1362 659 rcli-

367 681 488 729 gionis
519 681 682 716 tenentia
712 680 882 729 pondus,
912 681 948 716 in
980 681 1081 717 omni
1108 682 1191 718 loco
1222 691 1360 719 a³terna

367 742 537 777 clausura
557 740 796 784 damnantes,
819 740 863 776 ad
882 740 1003 776 dulcia
1023 741 1172 790 eloquia
1192 756 1211 778 a
1234 742 1359 778 Verbo

370 800 484 835 Patris
503 808 687 843 cructata,
713 799 854 835 cithara
870 808 997 835 nostra
1017 812 1100 836 suas
1121 801 1279 838 chordas
1294 814 1359 838 ex·

369 859 512 902 tendat,
530 867 565 894 et
582 859 762 907 plectrum
781 858 914 893 mentis
931 858 1054 906 lingua
1070 859 1173 895 vocis
1189 860 1360 907 magistra

370 918 456 954 tuba
492 918 639 953 insonet
671 917 870 962 salvatori,
904 930 987 966 quae
1017 917 1063 953 de
1085 931 1151 954 ore
1181 919 1360 955 mellifluo

368 978 502 1014 Christi
521 977 736 1026 profluxere
763 977 885 1013 dulcia
901 977 1050 1026 eloquia
1074 977 1170 1013 vitae.
1192 977 1262 1014 Sed
1285 978 1360 1014 uti—

370 1050 453 1073 nam
472 1036 573 1085 quod
596 1035 702 1071 vobis
731 1036 969 1085 proponitur,
990 1037 1091 1072 nulla
1115 1037 1282 1073 utilitatis
1303 1038 1360 1073 vel

1419 445 1596 481 edomare
1615 446 1799 481 festinent.
1817 445 1945 493 Igitur,
1969 446 2098 482 fratres
2120 447 2210 489 mei,
2235 456 2410 496 tanquam

1424 504 1512 540 boni
1549 504 1721 553 discipuli
1755 505 1909 550 Christi,
1943 505 1988 541 ad
2028 505 2256 542 audiendum
2294 515 2413 542 estote.

1424 564 1562 614 parati,
1596 573 1632 600 et
1663 573 1893 614 praeceptum
1924 565 2056 602 Christi
2079 565 2181 614 quod
2202 566 2413 615 evangelica

1424 623 1533 660 vobis
1554 624 1698 660 intonat
1719 623 1828 670 tuba,
1851 623 2009 660 libenter
2035 625 2208 674 accipite,
2227 633 2263 660 ct
2288 625 2412 661 effica-

1425 684 1518 720 citer
1535 684 1570 720 in
1591 683 1768 720 omnibus
1787 692 1824 720 ct
1841 697 1907 733 per
1926 684 2052 720 onmia
2069 683 2288 733 adimplete;
2309 692 2351 720 ut
2367 684 2413 720 ad

1425 743 1528 779 illum
1561 743 1708 792 possitis
1741 756 1806 792 per
1832 756 1997 779 amorem
2027 743 2165 789 redire,
2195 756 2215 780 a
2243 757 2319 792 quo
2348 757 2415 793 per

1427 812 1609 839 tumorem
1631 802 1816 852 superbiae
1837 803 2048 839 recessistis.

1479 864 1514 899 3.
1536 866 1641 899 Nune
1670 862 1838 899 intendat
1864 862 2022 898 charitas
2047 870 2169 898 vesu-a
2195 861 2285 910 quid
2307 860 2415 897 vobis

1426 922 1616 971 pra‘cipiat
1634 922 1792 958 charitas
1808 934 1914 966 vcra,
1933 922 2090 957 charitas
2105 921 2306 970 exquisita,
2326 921 2415 957 cha-

1427 981 1514 1016 ritas
1531 980 1715 1024 inaudita,
1731 981 1888 1017 charitas
1912 981 1990 1030 pia,
2006 980 2164 1016 charitas
2189 979 2306 1025 bona,
2326 980 2416 1016 eha—

1426 1038 1515 1075 ritas
1536 1047 1608 1075 tota
1626 1039 1764 1084 dulcis,
1784 1048 1860 1075 tota
1877 1038 2107 1075 delectabilis
2124 1038 2284 1074 charitas
2302 1051 2418 1088 spon-

368 1104 606 1144 contcmptus
623 1095 822 1131 offuscaret
837 1094 1027 1139 obductio,
1045 1095 1108 1131 scd
1125 1096 1263 1132 arctius
1279 1097 1361 1133 cha-
1380 1099 1406 1133 B
1425 1110 1487 1133 sus
1509 1099 1718 1147 speciosus,
1739 1098 1917 1143 decorus,
1936 1097 2137 1143 candidus,
2161 1097 2390 1134 rubicundus
2406 1126 2415 1142 ‚

371 1155 477 1191 ritate
491 1154 695 1199 obnexum,
711 1155 942 1190 charesceret
954 1154 1061 1191 vobis
1075 1168 1188 1204 super
1201 1156 1360 1205 lapidem

370 1215 596 1264 pretiosum,
618 1222 653 1249 et
673 1213 820 1250 dulcius
852 1223 999 1262 saperet
1026 1215 1062 1250 in
1093 1215 1207 1251 vestri
1239 1216 1363 1252 cordis

370 1275 493 1323 palato
523 1287 637 1323 super
668 1274 794 1309 omnia
817 1274 925 1309 mella
948 1283 984 1309 ct
1013 1287 1126 1323 super
1155 1275 1362 1322 quemlibet

370 1334 506 1369 favum.
526 1337 609 1381 Ipse
627 1342 759 1368 auctor
774 1332 1000 1377 dulcedinis,
1019 1334 1079 1369 cui
1096 1334 1221 1369 omnia
1235 1342 1363 1382 optata

369 1392 594 1437 succedunt,
628 1391 735 1439 cnjus
767 1391 951 1427 voluntati
985 1400 1119 1427 cuncta
1153 1390 1360 1436 obediunt,

368 1451 432 1499 qui
453 1451 562 1486 etiam
595 1463 637 1486 ea
665 1459 787 1499 potest
807 1463 890 1498 quae
911 1449 1158 1499 impossibilia
1188 1450 1364 1486 videntur

368 1523 468 1554 esse;
489 1510 538 1545 sic
561 1509 748 1545 dulcescat
780 1509 815 1544 in
842 1508 1020 1545 cordibus
1047 1509 1200 1554 vestris,
1228 1517 1270 1545 ut
1297 1522 1364 1546 vos

369 1569 415 1605 dc
444 1582 489 1604 eo
517 1582 665 1618 semper
692 1568 822 1604 audire
851 1568 1029 1614 delectet,
1059 1576 1095 1604 et
1124 1581 1182 1605 me
1207 1569 1364 1605 interius

370 1628 609 1677 sapientiam,
638 1640 721 1676 quae
746 1627 793 1663 de
821 1627 903 1677 ipso
933 1635 1005 1672 est,
1039 1627 1194 1673 doceat3
1227 1636 1264 1664 et
1296 1641 1365 1677 per

371 1688 535 1724 lanceam
563 1687 637 1722 oris
661 1687 732 1722 mci
753 1687 926 1722 vulneret
950 1694 987 1722 et
1008 1686 1199 1723 confodiat
1218 1687 1363 1723 hostem

370 1747 516 1796 generis
545 1745 720 1790 humani,
749 1745 811 1793 qui
845 1757 913 1794 pro
934 1744 1077 1781 viribus
1104 1745 1291 1791 elaborat,
1324 1755 1366 1782 ut

372 1806 451 1854 ipsa
482 1804 590 1840 nobis
625 1803 739 1840 verba
773 1803 907 1840 Christi
937 1802 1067 1839 auditu
1100 1803 1301 1849 vilescant,
1330 1812 1366 1840 et

1426 1156 1566 1192 clectus
1579 1169 1623 1192 ex
1640 1155 1816 1200 millibus,
1833 1157 2000 1194 Christus
2016 1156 2128 1192 futuri
2145 1156 2267 1192 saeculi
2279 1155 2416 1205 judex,

1425 1215 1603 1264 princeps
1630 1216 1730 1264 pacis
1756 1224 1792 1251 et
1815 1217 1996 1251 Dominus
2016 1216 2115 1251 vitae.
2148 1215 2210 1252 Ait
2234 1216 2419 1252 Dominus

1426 1278 1533 1310 Jesus
1553 1287 1622 1323 per
1647 1274 1774 1310 onmia
1802 1283 1971 1324 tempora
1997 1274 2217 1311 benedictus
2242 1288 2248 1309 :
2273 1277 2349 1309 Hoc
2368 1284 2421 1310 esc

1423 1342 1654 1380 prees-(ptum
1684 1347 1821 1376 tticum,
1856 1343 1894 1369 ιιι
1920 1337 2086 1381 diligatis
2121 1338 2293 1377 invicem,
2330 1339 2422 1369 sicut

1428 1393 1550 1425 dilexi
1564 1405 1640 1426 vos.
1658 1394 1756 1427 Leve
1770 1401 2001 1441 praeceptum
2013 1421 2022 1438 ,
2038 1406 2151 1429 suave
2166 1401 2395 1442 praeceptum
2409 1421 2420 1437 ,

1428 1459 1466 1487 et
1494 1450 1602 1487 dulce
1632 1460 1875 1501 praeceptum.
1906 1452 1962 1488 Ad
1990 1453 2217 1502 portandum
2247 1454 2347 1498 leve,
2374 1454 2420 1490 ad

1429 1510 1731 1560 amplectendum
1763 1524 1895 1557 suave,
1927 1511 1972 1548 ad
2010 1512 2212 1548 tenendum
2250 1511 2358 1548 dulce
2386 1521 2422 1549 et

1430 1568 1660 1605 delectabile.
1688 1569 1784 1617 Quid
1815 1570 1950 1614 levius,
1977 1570 2068 1619 quid
2091 1570 2259 1615 suavius,
2284 1570 2422 1619 quidve

1431 1627 1594 1674 dulcius,
1623 1642 1735 1678 qnam
1766 1628 1947 1678 diligere?
1971 1633 2051 1666 Hoc
2069 1637 2192 1679 potest
2207 1629 2328 1665 omnis
2353 1630 2423 1666 ho-

1432 1701 1512 1733 mo,
1534 1701 1646 1724 sanus
1671 1696 1708 1724 et
1733 1701 1842 1738 aeger,
1860 1688 1964 1725 dives
1987 1697 2023 1724 et
2047 1701 2203 1738 pauper,
2227 1689 2362 1725 stultus
2387 1697 2424 1725 et

1431 1748 1595 1797 sapiens,
1627 1746 1764 1784 nobilis
1791 1755 1828 1784 et
1858 1746 2054 1797 ignobilis,
2081 1761 2211 1784 servus
2246 1757 2282 1784 et
2312 1747 2419 1785 liber.

1431 1810 1549 1844 Nemo
1573 1819 1611 1843 se
1635 1814 1808 1851 excuset,
1836 1819 1948 1842 nemo
1969 1819 2007 1843 se
2032 1807 2068 1842 in
2100 1807 2168 1843 hac
2196 1815 2303 1856 parte
2331 1819 2424 1856 apo·

373 1865 462 1900 mihi
500 1872 536 1899 et
575 1863 655 1899 aliis
687 1862 885 1912 praedicata
920 1870 957 1898 et
998 1861 1109 1898 docta
1141 1863 1578 1915 sentcntiamClogizet.
1619 1865 1778 1903 Cuilibet
1819 1865 1962 1902 homini
2001 1874 2054 1902 est
2098 1865 2323 1915 possibilitas
2356 1866 2426 1902 ista

370 1923 622 1960 damnationis
639 1922 875 1971 impendant.
895 1921 1059 1970 Adjuvet
1081 1934 1149 1958 nos
1166 1935 1316 1971 semper
1330 1931 1367 1959 et

373 1990 544 2033 protegat
572 1990 608 2018 et
630 1981 806 2017 defendat
834 1980 881 2017 ab
913 1981 977 2016 illo
997 1984 1123 2025 Jesus‚
1143 1982 1207 2030 qui
1236 1981 1368 2018 dilexit

372 2050 407 2078 et
429 2042 517 2077 lavit
538 2053 606 2077 nos
626 2053 644 2076 a
666 2039 826 2089 peccatis
849 2039 987 2076 nostris
1011 2039 1048 2074 in
1075 2041 1257 2089 sanguine
1282 2054 1365 2085 suo,

376 2115 443 2137 nos
474 2101 662 2136 instruens
691 2099 828 2144 verbo,
861 2108 898 2135 et
926 2098 1134 2135 informans
1166 2100 1365 2149 exemplo;

374 2169 539 2195 statuens
577 2158 759 2204 edictum,
788 2159 958 2195 sanciens
996 2166 1248 2207 praeceptum;
1287 2158 1368 2195 edi-

373 2228 472 2255 ctum
495 2218 620 2263 dulce,
639 2226 868 2267 praeceptum
890 2218 998 2263 vitae,
1018 2217 1181 2253 edictum
1210 2219 1368 2265 amoris,

375 2286 603 2327 praeceptum
633 2277 845 2321 charitati53
873 2285 1041 2313 statuens
1066 2285 1103 2313 et
1134 2277 1366 2327 adimplens,

376 2338 599 2386 praecipiens
619 2345 656 2372 et
685 2337 901 2385 perficiens,
923 2336 961 2372 in
982 2349 1042 2381 se,
1065 2337 1239 2386 inquam,
1268 2347 1305 2374 et
1331 2339 1368 2374 in

378 2395 500 2431 nobis.

430 2456 463 2491 2.
487 2458 565 2490 Hoc.
587 2462 642 2489 est
657 2453 748 2489 illud
771 2462 999 2503 praeceptum
1023 2454 1126 2503 quod
1145 2458 1252 2491 Jesus
1272 2468 1370 2503 prae—

376 2514 493 2562 cepit,
519 2512 620 2561 quod
646 2512 773 2547 statuit
795 2511 988 2561 discipulis
1016 2513 1109 2559 suis,
1139 2522 1368 2563 praeceptum

375 2572 517 2608 scilicet
536 2571 742 2615 charitatis,
763 2580 993 2620 praeceptum
1016 2572 1246 2617 dilectionis,
1266 2573 1369 2621 quod

375 2633 426 2668 sic
454 2630 565 2667 habet
593 2644 599 2665 :

374 2696 471 2738 galis
489 2693 658 2733 invicem,
681 2694 773 2725 sicut
799 2692 920 2725 (lilexi
939 2704 1013 2726 vos.
1035 2690 1161 2727 Dulcis
1183 2699 1221 2727 et
1247 2691 1370 2728 suavis

380 2751 562 2787 Dominus
591 2749 700 2785 dulce
731 2757 767 2784 et
795 2761 909 2785 suave
931 2749 1147 2785 mandatum
1174 2750 1366 2799 proponit.

380 2811 495 2846 Dulce
513 2817 548 2844 et
565 2821 678 2844 suave
697 2808 788 2843 illud
806 2820 885 2844 esse
903 2808 1065 2853 videtur,
1082 2809 1184 2857 quod
1201 2810 1372 2859 praeeipit

378 2868 548 2912 dilectio,
573 2876 610 2903 et
638 2867 751 2903 allicit
775 2880 892 2903 amor.
921 2871 1012 2903 'Nam
1031 2868 1131 2904 nulla
1148 2868 1197 2904 ibi
1216 2877 1370 2917 apparet

377 2927 591 2969 difficultas,
625 2925 688 2961 ubi
714 2934 769 2962 est
797 2925 955 2962 charitas
982 2941 991 2962 :
1024 2927 1149 2963 nullus
1184 2926 1235 2962 ibi
1266 2926 1373 2963 labor

378 2993 450 3028 est,
473 2984 535 3020 ubi
564 2998 673 3019 verus
700 2998 806 3020 amor
828 2993 895 3020 est.
917 2986 1048 3022 Cuncti
1069 2985 1188 3021 amori
1214 2985 1374 3023 libenter

380 3044 583 3088 obediunt,
610 3052 646 3079 et
674 3042 754 3091 ejus
777 3042 870 3091 jugo
893 3045 988 3080 colla
1014 3043 1263 3081 submittunt:
1284 3058 1373 3094 per-

381 3103 477 3138 versi
511 3115 708 3150 perverso,
742 3102 872 3138 lubrici
898 3102 1061 3147 lubrico,
1086 3104 1201 3140 sancti
1227 3113 1370 3150 sancto,

380 3162 468 3197 casti
490 3170 611 3205 casto,
635 3160 793 3209 quilibet
814 3162 850 3197 in
877 3162 1063 3198 desiderio
1083 3176 1162 3199 suo.
1182 3163 1272 3200 Ideo
1293 3168 1372 3201 Do-

382 3221 504 3257 minus
531 3220 592 3255 dat
619 3229 846 3269 praeceptum
869 3222 1026 3266 amoris,
1053 3235 1151 3270 praec
1176 3231 1283 3272 ptum
1310 3222 1370 3259 di—

434 3354 437 3365 “
459 3354 554 3376 ιΝιίιιι.
579 3352 605 3376 ἰ).

1431 1925 1661 1969 commnnis,
1686 1937 1810 1961 amare
1835 1924 2020 1961 videlicet.
2047 1924 2224 1973 Sequitur
2243 1924 2354 1973 igitur
2379 1937 2426 1960 ex

1432 1992 1622 2034 praecepto
1658 1983 1869 2028 dominico,
1903 1992 1945 2020 ut
1975 1996 2042 2019 nos
2074 1983 2234 2020 invicem
2271 1982 2425 2032 diligere

1433 2043 1648 2079 debeamus.

1487 2102 1522 2139 4.
1556 2102 1627 2140 Sed
1655 2102 1835 2152 quoniam
1864 2102 1971 2138 multi
2001 2114 2040 2138 se
2069 2101 2247 2150 diligunt,
2278 2113 2354 2137 non
2383 2113 2426 2136 ea

1434 2162 1634 2199 dilectione
1653 2175 1737 2211 quae
1757 2161 1918 2198 charitas
1936 2169 2008 2207 est,
2032 2160 2096 2197 sed
2123 2173 2165 2196 ea
2185 2173 2268 2209 quae
2284 2160 2322 2196 in
2341 2163 2424 2196 Do—

1436 2221 1579 2257 minum
1603 2229 1659 2257 est
1678 2220 1928 2269 blasphemia,
1953 2228 1994 2256 ut
2013 2233 2055 2256 ea
2077 2232 2160 2269 quae
2181 2219 2221 2255 fit
2240 2231 2309 2268 pro
2329 2219 2426 2268 pelle

1435 2280 1480 2316 ad
1500 2281 1657 2329 pellem,
1680 2292 1762 2328 quae
1782 2279 1947 2328 concipit
1974 2278 2163 2324 dolorem,
2182 2287 2219 2315 et
2236 2279 2335 2328 parit
2352 2279 2426 2314 ini-

1434 2339 1637 2388 quitatem;
1658 2347 1698 2374 ut
1729 2351 1824 2374 caeca
1844 2337 1975 2382 libido,
1998 2337 2251 2387 prostibulosa
2271 2337 2424 2386 cupido,

1434 2410 1519 2447 quae
1541 2398 1741 2446 equuleum
1763 2410 1870 2433 suum
1892 2398 1943 2433 sic
1961 2397 2007 2433 ad
2030 2397 2284 2446 impetiginem
2304 2397 2425 2433 calca-

1438 2457 1542 2494 ribus
1563 2457 1709 2493 malitiae
1731 2465 1767 2493 et
1792 2456 1968 2505 nequitiae
1991 2457 2044 2492 ire
2065 2456 2274 2504 compellit,
2296 2464 2337 2491 ut
2356 2455 2426 2492 ba·

1438 2516 1602 2552 rathrum
1622 2516 1757 2552 inferni
1780 2516 1817 2551 in
1837 2529 1912 2564 quo
1933 2523 2006 2559 est,
2027 2514 2237 2565 praevidere
2253 2523 2290 2551 et
2307 2515 2426 2551 vitare

1436 2587 1511 2610 non
1542 2574 1659 2623 possit
1685 2588 1691 2608 :
1721 2573 1941 2622 adjunctum
1970 2581 2043 2618 est,
2074 2575 2163 2608 sicut
2193 2574 2313 2608 dilexi
2343 2586 2424 2608 vos.

631 2632 706 2664 Hoc
729 2640 781 2664 est
802 2641 1032 2678 proecepeum
1057 2645 1196 2674 mcum,
1216 2641 1255 2666 ut
1279 2635 1366 2667 (lili-
1386 2640 1418 2673 D
1436 2633 1638 2681 Quomodo
1657 2633 1824 2670 Christus
1852 2645 1920 2669 nos
1945 2632 2102 2669 dilexit?
2122 2635 2238 2669 Prout
2258 2633 2337 2682 ipse
2357 2632 2426 2668 de-

1435 2692 1506 2738 dit,
1523 2705 1635 2741 supra
1650 2692 1830 2741 scriptum
1848 2692 2067 2741 reliquimus
2082 2698 2105 2727 ¹.
2121 2691 2191 2729 Sed
2207 2700 2247 2728 ut
2259 2700 2293 2727 te
2305 2692 2428 2740 ipsum

1438 2750 1483 2787 ad
1506 2749 1604 2786 istud
1631 2749 1933 2799 cognoscendum
1958 2749 2133 2785 reducam
2154 2748 2199 2785 ad
2221 2757 2255 2784 te
2280 2749 2402 2798 ipsum
2417 2776 2426 2792 ,

1439 2810 1587 2846 noverit
1615 2809 1766 2845 dilectio
1799 2817 1879 2854 tua,
1910 2817 2036 2845 sancta
2066 2808 2196 2856 religio
2222 2816 2302 2852 tua,
2325 2806 2430 2856 quod

1439 2882 1526 2905 caro
1543 2868 1677 2906 Christi
1703 2876 1740 2903 et
1761 2867 1930 2917 sanguis,
1950 2867 2013 2916 qui
2034 2867 2071 2903 in
2090 2866 2195 2902 altari
2217 2880 2237 2902 a
2257 2865 2431 2902 fidelibus

1439 2927 1598 2963 sumitur
1613 2934 1649 2962 et
1665 2926 1893 2971 immolatur,
1909 2925 1973 2961 tibi
1991 2925 2243 2961 testimonium
2259 2924 2434 2975 perhibet

1439 2985 1633 3033 quomodo
1665 2998 1734 3021 nos
1768 2985 1940 3021 dilexerit
1966 2984 2147 3021 Christus.
2180 2983 2271 3020 Ideo
2304 2992 2432 3020 noscat

1439 3045 1590 3081 dilectio
1612 3053 1692 3089 tua,
1713 3043 1816 3092 quod
1836 3043 1982 3079 utilitati
2013 3043 2270 3092 proximorum
2294 3042 2434 3078 utilitas

1439 3104 1593 3153 propria
1632 3103 1859 3152 quandoque
1894 3112 1949 3139 est
1983 3101 2256 3152 postponenda.
2291 3101 2362 3138 Sed
2402 3101 2432 3137 si

1439 3163 1546 3199 aliam
1580 3162 1817 3198 dilectionem
1847 3162 1982 3199 Christi
2013 3161 2133 3197 adlmc
2159 3160 2336 3196 sanctitas
2370 3168 2431 3196 tua

1440 3223 1618 3273 requirit;
1651 3222 1761 3259 etiam
1791 3221 1829 3257 in
1860 3220 1970 3257 bonis
2002 3219 2270 3269 temporalibus
2300 3218 2364 3256 tibi
2385 3218 2433 3257 ab
