2504 3928
355 252 428 286 3¹13

1141 252 1408 285 (ulma-:1311
1442 253 1637 287 xltssit't'ls

350 326 549 372 J›··rj1'‹l‹·m
573 338 609 357 m
631 323 792 358 ‹uo-diluo
816 329 942 358 rem-is
956 352 964 365 ,
990 330 1027 358 Νι
1045 326 1221 360 ρΙηιΗῚιιΙι·
1240 328 1341 360 rmlt'-
1356 326 1367 342 ²

2326 256 2397 291 5313

1467 329 1526 362 :3:3.
1547 330 1637 362 (lum
1661 341 1748 375 ergo
1769 336 1900 363 orante
1923 329 2116 376 Apostoli),
2131 331 2400 367 etexaudiente

351 395 420 419 vau
442 394 476 417 vt
493 383 651 429 sumlau'
665 410 674 424 ,
696 392 732 417 ot
759 387 910 429 poss-sess
937 385 1243 430 roms)rvlmmlrm·
1265 398 1348 431 rsme·
1367 390 1390 419 A
1417 389 1493 420 Dr«)
1508 415 1516 429 ,
1541 386 1650 421 (latur
1669 385 1778 422 nobis
1795 387 1948 435 spiritus
1966 388 2179 436 sapientum,
2201 398 2237 425 et
2256 391 2400 427 revela-

355 446 398 478 ,αἰ
426 444 600 481 latitudo,
637 443 824 489 longitudo
840 469 848 480 ,
873 441 1100 485 sublimitas,
1132 453 1166 477 r!
1184 443 1349 491 projun-

354 505 440 537 dum
462 508 484 535 ¹.
508 499 617 536 Libet
647 501 705 536 hie
735 500 953 543 advertere,
985 502 1013 536 si
1047 502 1140 537 l'orte
1173 503 1208 537 in
1238 515 1347 538 sensu

354 560 567 609 apostolicae
587 560 779 607 ‘sapientia¹
798 560 1032 607 aliquatenus
1053 570 1249 609 penetrare
1265 575 1349 610 pos·

357 621 485 656 simus.

711 690 884 728 CAPL'T
919 690 989 728 Xl.

405 800 488 841 Quid
510 802 575 830 neo
591 798 758 829 debeamus
772 808 779 833 ;
800 803 829 827 et
845 797 883 827 de
897 798 1076 828 necessitate
1098 798 1288 829 mediatoris.

403 918 464 955 32.
487 921 624 955 Contra
647 925 811 965 quatuor
836 916 903 953 Dei
925 915 1107 952 debemus
1129 917 1216 953 duo.
1238 921 1343 965 Qua-

351 988 435 1015 tuor
455 986 542 1014 sunt
561 978 595 1012 iu
621 981 719 1020 Deo,
742 976 930 1024 potentia,
945 976 1151 1025 sapientia,
1171 977 1343 1021 charitas,

351 1049 386 1075 et
411 1039 546 1074 veritas
567 1037 622 1073 vel
642 1036 853 1079 :uici-nitas,
876 1035 978 1084 quod
1010 1049 1126 1071 unum
1148 1044 1214 1072 cst.
1248 1037 1342 1072 Mhi}

352 1100 450 1135 enim
479 1110 566 1133 vere
599 1105 676 1139 est,
704 1096 772 1131 nisi
803 1095 906 1144 quod
941 1094 1245 1131 incommutabile
1275 1105 1342 1132 est.

355 1158 410 1195 Ad
440 1171 523 1206 ‹lua›
554 1156 702 1192 duobus
724 1154 842 1190 modis
865 1153 1095 1202 respondere
1115 1167 1182 1189 nos
1207 1168 1347 1190 convc-

353 1219 418 1254 nit.
438 1217 616 1253 Potentiae
636 1229 718 1264 qua*
739 1222 861 1264 potest
881 1227 948 1249 nos
966 1213 1122 1262 punire,
1144 1222 1180 1249 et
1198 1215 1345 1262 sapien-

354 1279 431 1322 tia»,
453 1289 564 1325 quam
588 1276 638 1310 nil
663 1283 785 1324 potest
802 1274 937 1315 latere,
971 1271 1150 1308 debemus
1173 1275 1344 1309 timorem

353 1350 503 1380 vernum
527 1334 562 1370 id
580 1342 654 1377 est,
673 1345 783 1381 quem
809 1345 882 1368 non
906 1331 1062 1379 impedit
1083 1339 1215 1379 torpor
1234 1344 1343 1367 sccu—

353 1397 471 1432 ritatis
486 1423 494 1439 ,
523 1394 577 1429 vel
596 1393 779 1440 refugium
799 1390 1058 1426 simulationis.
1078 1391 1270 1425 Sinuilatio
1289 1399 1343 1426 cst

349 1456 408 1492 wel
429 1453 582 1502 quando
605 1452 779 1498 tingimus
802 1450 967 1485 laborem
991 1450 1026 1484 in
1049 1458 1238 1498 praecepto
1253 1478 1261 1493 ,
1283 1450 1340 1485 vel

350 1513 502 1564 quando
534 1509 828 1547 irrationabilem
863 1508 1157 1544 misericordiam
1187 1509 1341 1545 simula-

349 1587 430 1609 mus
446 1573 481 1608 in
504 1576 595 1608 Deo.
619 1569 797 1607 Charitati
819 1576 855 1603 et
874 1567 1021 1603 veritati
1041 1566 1220 1603 debemus
1237 1581 1343 1604 amo·

348 1645 426 1668 rem
461 1643 617 1674 veruni;
642 1628 677 1664 id
695 1636 772 1672 est,
794 1640 905 1676 quem
929 1639 1004 1661 non
1039 1625 1198 1674 impedit
1232 1635 1340 1676 tepor

350 1690 578 1735 affectionis,
603 1689 661 1724 vel
687 1687 884 1737 scrupulus
908 1685 1142 1735 suspicionis.
1165 1686 1340 1723 Charitati

350 1751 450 1786 enim
477 1749 568 1798 quid
597 1747 756 1784 debetur
777 1746 845 1782 nisi
874 1745 1056 1781 charitas?
1083 1745 1228 1781 Veritas
1250 1759 1339 1781 vero

353 1809 560 1853 charitatis,
584 1816 620 1844 et
637 1807 795 1843 charitas
815 1804 980 1841 veritatis
1001 1817 1151 1839 omnem
1171 1813 1340 1840 removet

1417 445 1526 480 tionis
1558 446 1592 480 in
1620 446 1846 493 agnitionem
1874 445 1972 493 ejus,
1994 446 2030 481 id
2051 454 2126 489 est,
2156 456 2195 482 ut
2227 461 2401 496 agnosca-

1416 518 1625 547 museum,
1656 512 1691 538 et
1725 504 1911 552 sapiamus
1943 517 2051 549 eum,
2083 505 2140 540 vel
2169 506 2288 555 sapiat
2323 508 2400 557 ipse

1416 564 1449 598 in
1474 562 1600 608 uobis,
1623 577 1705 598 cnm
1729 564 1988 600 illuminantur
2013 565 2108 599 oculi
2131 565 2266 610 nostri,
2287 574 2327 601 ut
2346 567 2400 602 vi-

1413 622 1565 657 deamus
1587 622 1748 667 bouum,
1779 631 1811 657 et
1834 622 1931 658 bona
1955 622 2043 658 boni
2066 623 2336 672 intelliganms,
2354 625 2401 660 ad

1413 695 1496 729 quar
1519 694 1585 716 nos
1604 682 1714 716 trahit
1732 694 1816 730 spes
1841 682 2047 717 vocationis
2064 681 2159 730 ejus,
2184 682 2321 718 scilieet
2338 682 2399 719 di-

1413 741 1518 776 vitias
1545 741 1670 787 gloria·
1691 741 1905 776 :rternitatis
1921 740 2001 789 ejus
2030 741 2066 776 in
2099 741 2253 786 sanctis3
2274 741 2310 777 in
2346 742 2400 778 his

1413 799 1588 835 omnibus
1608 800 1713 835 nobis
1735 799 1880 835 bonitas
1895 829 1904 845 ,
1927 801 1983 835 vel
2014 799 2223 848 benignitas
2245 809 2402 850 apparet

1414 859 1657 894 illuminantis
1676 887 1684 904 ‚
1707 867 1743 895 et
1764 859 1932 894 vocantis
1958 874 1965 895 :
1987 873 2069 895 cum
2094 873 2185 895 vero
2207 867 2247 895 ut
2267 872 2400 909 sequa-

1413 931 1497 953 mur
1515 926 1730 959 vocantem,
1753 918 1862 953 etiam
1879 918 1997 953 virtus
2018 917 2180 963 additur,
2200 918 2399 968 peripsam

1411 978 1680 1026 experientiam
1697 977 1850 1026 spiritus
1865 977 2056 1026 sapientia¹
2068 977 2256 1013 revelatur
2274 976 2396 1020 nobis,

1411 1050 1520 1085 (pue,
1553 1037 1610 1072 vel
1646 1050 1756 1085 quam
1796 1036 1842 1071 sit
1875 1036 2157 1085 supereminens
2184 1036 2400 1084 magnitudo

1370 1096 1393 1128 Β
1414 1097 1577 1132 veritatis
1597 1095 1677 1144 ejus
1701 1096 1735 1131 in
1760 1109 1839 1131 nos.
1864 1099 1917 1131 Ex
1935 1095 2004 1131 hoc
2021 1095 2145 1143 igitur,
2167 1095 2230 1143 qui
2250 1096 2301 1131 sic
2321 1103 2397 1140 est,

1411 1168 1457 1190 ex
1474 1164 1581 1203 gustu
1614 1155 1750 1191 divium
1781 1154 2107 1203 contemplationis
2128 1155 2251 1203 palato
2276 1154 2400 1191 cordis

1411 1223 1554 1258 sanato,
1577 1215 1703 1250 omnia
1733 1214 1936 1257 discernit,
1973 1214 2099 1249 onmia
2133 1212 2323 1262 dijudicat.
2356 1217 2399 1250 In

1411 1281 1562 1309 auctore
1579 1274 1747 1309 omnium
1778 1272 1965 1308 bonorum
1988 1272 2159 1317 Christo,
2184 1272 2344 1321 primum
2366 1273 2400 1308 ei

1410 1332 1506 1380 sapit
1529 1345 1594 1368 sua
1615 1332 1660 1368 ad
1682 1336 1800 1368 Deum
1825 1332 2043 1375 conversio,
2069 1331 2204 1367 deinde
2227 1340 2400 1381 peccato-

1410 1403 1492 1425 rum
1515 1390 1707 1435 remissi0;
1727 1389 1972 1438 postmodum
2003 1402 2071 1438 pro
2101 1389 2177 1433 ira,
2207 1389 2312 1438 cujus
2335 1391 2399 1426 filii

1409 1461 1579 1494 eranms,
1604 1449 1804 1497 gratiarum
1834 1449 2033 1497 multiplex
2063 1449 2314 1497 augmentatio
2336 1464 2343 1485 :
2362 1458 2399 1485 et

1408 1507 1486 1544 haec
1509 1508 1635 1543 omnia
1659 1507 1807 1543 nonnisi
1833 1520 1901 1555 per
1920 1507 2123 1542 Dominum
2143 1516 2312 1544 nostrum
2333 1511 2398 1544 Je-

1407 1579 1488 1602 sum
1510 1567 1709 1603 Christum.
1731 1570 1816 1615 Ipse
1833 1566 1931 1601 enim
1962 1573 2017 1601 est
2044 1565 2228 1602 mediator
2253 1574 2395 1610 noster,

1408 1633 1443 1660 et
1464 1625 1644 1674 sapientia
1663 1633 1810 1668 nostra,
1831 1623 1939 1672 eujus
1959 1624 2060 1673 quod
2078 1624 2231 1660 stultum
2249 1632 2322 1670 est,
2341 1638 2399 1661 sa—

1408 1684 1573 1733 pientius
1593 1693 1649 1721 est
1669 1684 1888 1720 hominibus
1903 1689 1929 1720 ἢ.

1459 1744 1522 1780 34.
1544 1747 1634 1779 'Nam
1665 1757 1749 1780 eum
1781 1742 1915 1779 talibus
1942 1742 2089 1779 bonitas
2106 1743 2174 1780 Dei
2191 1742 2399 1780 abundaret

1405 1811 1441 1838 et
1455 1804 1655 1839 offerretur
1669 1802 1864 1847 omnibus,
1883 1816 1949 1838 nec
1967 1811 2063 1839 esset
2074 1803 2327 1852 quireciperet
2340 1804 2398 1840 vel

350 1868 568 1916 scrupulum
594 1865 828 1914 suspicionis.
850 1863 1107 1912 Suspicionem
1131 1871 1254 1898 autem
1281 1863 1337 1899 di·
1356 1864 1382 1899 C
1403 1862 1511 1897 sciret
1537 1863 1726 1911 recipere,
1761 1863 1820 1897 vel
1843 1862 2010 1911 recipere
2034 1861 2210 1906 doceret,
2233 1876 2300 1898 nec
2333 1862 2398 1911 qui

351 1940 414 1971 eo,
441 1939 486 1961 ue
508 1938 584 1961 non
604 1932 702 1960 amet
728 1923 907 1966 charitas,
931 1936 976 1957 ne
999 1921 1160 1970 decipiat
1182 1922 1338 1966 veritas,

349 1999 395 2021 ne
417 1985 556 2021 defluat
583 1983 782 2019 zeternitas.
807 1981 918 2019 Unde
937 1981 1097 2017 Paulus:
1125 1982 1167 2015 Ut
1188 1985 1341 2028 possitis

349 2045 654 2092 romprehendere
681 2056 760 2077 cum
790 2039 957 2076 (mulabus
988 2044 1145 2083 sanctis,
1184 2053 1269 2087 (μαι)
1295 2045 1342 2076 sil

347 2104 554 2151 longitudo,
575 2103 747 2144 latitudo,
764 2100 987 2141 sublimitas,
1011 2107 1045 2132 et
1054 2096 1296 2145 profundans
1314 2103 1339 2133 ².

349 2166 391 2198 In
423 2161 651 2197 sublimitate
684 2168 773 2195 nota
803 2158 1034 2208 potentiam,
1063 2157 1099 2192 in
1129 2156 1339 2205 profundo,

344 2222 585 2270 sapientiam3
604 2221 640 2255 in
660 2219 855 2255 latitudine
870 2247 878 2263 ‚
900 2217 1138 2262 charitatem;
1160 2217 1197 2252 in
1216 2217 1339 2265 longi-

348 2279 498 2324 tudine,
532 2279 803 2321 aeternitatem,
838 2277 914 2312 sive
942 2276 1149 2311 veritatem.
1190 2279 1233 2311 Et
1262 2275 1341 2311 hzec

345 2348 400 2375 cst
420 2352 511 2375 crux
537 2339 683 2375 Christi.
704 2341 747 2373 Et
763 2336 849 2372 alibi
869 2336 967 2372 idem
994 2335 1188 2384 apostolus
1209 2335 1338 2383 expri-

345 2412 450 2434 mens
497 2397 707 2433 evidentius
741 2408 896 2431 summa„¹
936 2395 973 2429 in
1010 2393 1117 2429 nobis
1148 2394 1340 2442 sapientiae

343 2458 542 2500 virtutem,
566 2457 781 2503 Propterea,
802 2454 941 2502 inquit,
963 2463 997 2488 et
1023 2467 1086 2501 ego
1117 2454 1338 2497 uudl'eussi-

343 2519 425 2551 dem
458 2525 617 2551 matrum
648 2528 736 2561 qute
758 2522 810 2548 cat
836 2518 873 2547 iu
896 2516 1031 2555 Deum,
1049 2521 1083 2546 et
1110 2513 1337 2547 dilectionem

345 2582 383 2611 ite
415 2590 539 2611 (mutes
559 2584 719 2617 sanctos,
740 2587 812 2608 uon
838 2586 936 2607 cesso
954 2576 1098 2620 gratius
1124 2584 1239 2619 agens
1267 2585 1338 2619 pro

1408 1922 1494 1957 illuc
1516 1931 1641 1970 posset
1655 1921 1869 1967 ascendere,
1886 1920 1950 1957 nbi
1964 1920 2062 1957 bona
2079 1921 2157 1958 haec
2170 1921 2399 1958 distribuun-

1409 1988 1482 2024 tur,
1506 1981 1565 2016 vel
1594 1981 1697 2029 quod
1731 1981 1802 2016 huc
1836 1989 1962 2030 posset
1998 1980 2170 2017 deferre:
2192 1993 2289 2030 opus
2319 1989 2400 2017 erat

1408 2039 1614 2075 mediatore
1634 2053 1702 2075 nos
1717 2040 1815 2075 inter
1834 2048 1870 2076 et
1894 2043 2013 2076 Deum
2028 2068 2037 2085 ,
2053 2040 2121 2088 pei·
2140 2052 2251 2088 quem
2272 2047 2399 2075 nostra

1407 2099 1756 2147 appropinquarent
1782 2103 1877 2143 Deo,
1895 2107 1933 2135 et
1948 2098 2048 2134 bona
2072 2099 2140 2135 Dei
2165 2097 2286 2134 nobis.
2312 2099 2399 2135 Iniit

1406 2171 1495 2206 ergo
1521 2159 1716 2195 consilium
1750 2167 1824 2195 tota
1844 2158 2005 2195 Trinitas
2020 2186 2029 2202 ,
2052 2158 2247 2194 consilium
2277 2157 2367 2194 illud
2385 2185 2396 2203 ,

1407 2216 1452 2252 ‹le
1482 2230 1558 2265 quo
1592 2218 1777 2266 propheta
1802 2217 1916 2253 dicit:
1937 2218 2133 2252 Consilium
2162 2227 2262 2252 tuum
2298 2221 2398 2252 anti-

1406 2290 1514 2324 quum
1546 2278 1763 2322 verumfiot
1791 2275 1819 2313 ⁵.
1851 2276 2007 2313 Videbat
2043 2276 2185 2325 quippe
2214 2276 2398 2312 Dominus

1407 2344 1588 2383 quantum
1619 2336 1664 2371 ad
1697 2337 1886 2371 hominem
1922 2336 2046 2371 omnia
2072 2336 2248 2381 confusa,
2271 2337 2398 2371 omnia

1409 2395 1574 2440 turbata;
1596 2396 1687 2431 nihil
1709 2404 1805 2431 stare
1824 2396 1859 2431 in
1876 2396 1958 2431 loco
1975 2408 2042 2431 suo
2056 2423 2065 2439 ,
2086 2395 2175 2430 nihil
2194 2395 2397 2444 procedere

1406 2453 1538 2490 ordine
1557 2468 1636 2490 suo.
1663 2454 1821 2491 Videbat
1850 2454 2038 2490 hominem
2061 2453 2194 2490 abiisse
2214 2454 2250 2489 in
2278 2454 2398 2502 regio-

1406 2526 1490 2549 nem
1524 2513 1836 2549 dissimilitudinis
1863 2522 1936 2548 tam
1960 2514 2084 2562 longe,
2110 2521 2150 2548 ut
2182 2525 2249 2561 per
2271 2525 2309 2548 se
2331 2526 2397 2549 nec

1404 2573 1537 2618 sciret,
1557 2586 1625 2608 nec
1656 2581 1782 2622 posset
1817 2572 1950 2609 redire.
1979 2573 2143 2621 Angelus
2172 2572 2271 2608 enim
2295 2585 2396 2621 prae-

343 2634 463 2679 vobis,
498 2638 713 2670 memorium
742 2636 855 2667 vestri
882 2632 1022 2671 lat-iem·
1055 2635 1092 2665 ιἰι
1116 2630 1339 2665 orationibus
1360 2638 1389 2671 D
1407 2640 1615 2680 sumpserat
1647 2631 1929 2667 similitudinem
1965 2631 2056 2675 Dei,
2079 2630 2231 2666 dicens:
2254 2631 2396 2665 Ponam

345 2700 453 2738 mcis3
474 2703 512 2729 ut
530 2697 631 2729 Deus
643 2722 653 2737 ,
674 2695 824 2727 Domini
840 2695 954 2726 nostri
967 2693 1054 2726 lesu
1074 2691 1208 2725 Christi
1224 2691 1339 2726 Pater

338 2758 470 2801 gloria:
483 2782 493 2797 ‚
526 2756 588 2788 det
618 2751 724 2787 vobis
741 2755 910 2799 spiritum
931 2754 1132 2797 sapientiae
1149 2758 1183 2785 et
1200 2752 1340 2785 revela-

340 2819 450 2849 tionis
471 2817 507 2848 iu
531 2815 721 2860 agnitione
737 2815 834 2855 (jus,
851 2812 1065 2845 illumitums
1081 2811 1204 2844 oculos
1222 2812 1341 2844 cordis

345 2878 458 2909 vestri
471 2901 481 2915 ,
502 2881 540 2907 ut
561 2875 689 2906 sciatis·
705 2884 791 2918 (luce
812 2874 859 2904 sie
880 2882 962 2917 spes
984 2871 1189 2904 vocacionis
1207 2874 1284 2914 ejus
1306 2872 1341 2904 iu

345 2941 509 2976 sanctos,
532 2945 617 2978 (μαι)
635 2933 776 2965 chelcia)
788 2932 922 2977 gloria*
943 2930 1178 2964 lueredslotis
1206 2934 1284 2974 ejus
1305 2933 1340 2964 in

345 2997 481 3027 sanclis·
494 3020 503 3037 ,
521 3000 555 3026 et
569 3004 653 3038 (juce
669 2994 943 3037 ,supereminens
960 2990 1179 3037 magnitudo
1195 2993 1342 3024 vinulis·

341 3053 420 3095 ejus
439 3056 476 3085 in
493 3065 556 3085 nos
570 3078 578 3092 ,
597 3053 660 3097 qui
677 3051 858 3083 credonem
872 3050 1071 3083 secumlum
1093 3053 1340 3096 operationem

341 3115 521 3158 polmzlice
555 3113 702 3144 virtutus
733 3110 810 3152 esus
823 3137 833 3151 ,
874 3121 983 3154 quum
1022 3116 1192 3155 operatus
1220 3116 1270 3141 esc
1307 3110 1342 3141 in

347 3171 487 3205 Chrsalo
497 3198 506 3213 ,
523 3173 700 3203 suscitans
721 3170 821 3202 illum
839 3181 861 3201 (ι
877 3168 1024 3202 mortuis
1041 3166 1068 3202 ⁵.

827 3304 836 3318 ⁷
868 3299 942 3329 lbid.
975 3303 1023 3328 ts.
1059 3316 1098 3320 —-

1050 3352 1085 3371 ⁷⁸
1104 3350 1197 3380 llebr.
1218 3362 1239 3388 ι,
1260 3355 1289 3380 15.

399 3309 404 3322 ¹
425 3302 533 3343 liphes.
561 3313 618 3335 ιιι,
642 3304 733 3330 8-18.
771 3319 782 3321 -

344 3356 537 3391 ιἰειιικιιῃ
563 3356 693 3393 l'l71'1,
736 3372 739 3373 ν
770 3359 781 3381 ῖ
803 3355 881 3380 (Len.
900 3362 948 3389 ιιι,
974 3356 1026 3380 h.v

1403 2694 1525 2726 sedem
1546 2705 1666 2726 meum
1685 2692 1738 2726 (ul
1753 2694 1985 2738 aquilonem,
2006 2699 2041 2726 el
2056 2704 2117 2725 ero
2133 2692 2270 2725 similis
2286 2693 2398 2725 Altis-

1404 2756 1493 2786 simo
1506 2749 1530 2786 ⁶.
1558 2754 1681 2786 Homo
1713 2751 1883 2786 similiter
1914 2753 2013 2786 Deus
2045 2762 2124 2785 esse
2155 2748 2305 2795 voluit,
2337 2748 2397 2784 cui

1407 2824 1626 2860 persuasum
1639 2819 1718 2846 erat
1738 2823 1817 2846 esse
1836 2815 1927 2845 sicut
1949 2811 2001 2844 dii
2022 2815 2047 2845 7.
2071 2811 2234 2857 Ergone,
2257 2807 2391 2856 inquit,

1410 2873 1510 2906 Deus
1526 2873 1645 2914 Pater,
1667 2870 1782 2906 Filius
1799 2882 1903 2905 meus
1915 2897 1924 2913 ‚
1947 2868 2127 2918 splendor
2143 2867 2271 2916 gloriae
2283 2880 2393 2911 meae,

1408 2938 1443 2965 et
1466 2931 1582 2977 ligura
1611 2928 1828 2965 substantiae
1852 2941 1942 2964 meae
1960 2927 1989 2972 ⁸,
2009 2927 2044 2963 in
2063 2927 2143 2976 ipsa
2168 2925 2239 2962 mei
2263 2925 2397 2960 simili—

1407 2988 1536 3024 tudine
1557 2996 1609 3023 tot
1627 2988 1781 3023 aemulos
1802 2987 1968 3033 habebit,
1989 2995 2025 3023 ct
2047 2998 2154 3035 pares
2169 3013 2179 3030 ,
2198 2993 2235 3021 et
2250 2985 2396 3021 socios?

1409 3048 1663 3097 Praecipitatus
1697 3056 1751 3083 cst
1783 3056 1953 3095 uterque.
1995 3046 2132 3083 Videns
2170 3045 2291 3093 imago
2326 3045 2395 3081 Dei

1410 3111 1510 3143 Deus
1546 3107 1657 3142 Filius
1687 3107 1859 3154 angelum
1899 3115 1934 3141 et
1970 3106 2160 3143 hominem
2174 3132 2183 3149 ,
2215 3105 2278 3153 qui
2314 3104 2395 3139 sacti

1359 3206 1363 3209 ,
1411 3174 1517 3202 erant
1537 3165 1582 3202 ad
1605 3165 1736 3215 ipsam,
1758 3164 1792 3200 id
1810 3173 1863 3200 cst
1884 3165 2079 3213 imaginem
2103 3164 2189 3208 Dei,
2209 3176 2276 3212 per
2294 3163 2396 3198 inor—

1130 3297 1142 3317 ὗ
1173 3297 1218 3329 td.
1251 3309 1278 3328 ι.
1308 3301 1414 3328 15-20.
1443 3317 1482 3319 m*
1505 3297 1517 3322 *5
1541 3301 1551 3327 1
1572 3298 1643 3327 Cor.
1668 3307 1696 3333 ι,
1722 3300 1774 3326 25.
1798 3314 1834 3318 -
1865 3294 1877 3315 5
1901 3295 1977 3326 t‘sal.
2003 3306 2118 3331 xxxii,
2144 3304 2204 3324 sec.
2227 3296 2328 3325 Lxx.
2350 3311 2395 3316 -
