2504 3928
278 173 352 207 (303

281 248 376 283 dnos
404 249 552 297 operire
582 259 656 282 non
679 247 817 296 possit,
839 255 903 283 aut
925 256 1082 284 stratum
1109 248 1316 298 coangu-²¹¹

281 315 440 351 statum,
464 307 560 342 unde
582 305 727 341 decidat
748 307 842 342 alter
862 313 884 342 ¹.

505 435 564 463 lx.
582 450 624 454 -
640 434 685 462 De
706 432 841 474 periculo
861 433 1053 464 111-1110111111.

329 548 364 581 9.
397 546 490 580 Hine
518 552 571 580 est
593 544 695 592 quod
718 544 863 580 dotatas
883 553 920 580 et
949 545 1082 582 ditatas
1104 545 1273 582 videmus

279 605 451 641 eeclesias
470 618 489 640 a
512 603 729 653 potentibus
749 612 784 639 et
805 603 982 640 divitibus
1003 604 1114 650 liujus
1135 606 1271 649 sa‘euli,

278 666 341 714 qui
367 665 402 700 in
435 663 612 712 operibus
640 662 749 699 bonis
769 662 922 707 divites,
949 663 1056 711 juxta
1083 665 1271 712 Evangelii

277 724 592 767 admonitionem,
624 725 762 759 amieos
793 722 863 759 sibi
899 723 1018 759 faeere
1049 724 1273 759 studuerunt

276 785 322 820 de
350 796 562 820 mammona
594 782 817 831 iniquitatis,
847 795 866 818 a
897 782 1032 831 quibus
1062 783 1098 818 in
1135 792 1271 818 :eterna

279 844 517 880 tabernacula
545 843 812 891 reciperentur.
841 842 979 889 Quidni
1010 851 1204 891 sperarent
1226 841 1272 878 ab

278 904 335 939 his
370 903 507 952 recipi,
541 902 604 950 qui
641 901 762 937 claves
791 900 968 937 videntur
997 901 1167 937 habere?
1201 902 1270 939 Sed

278 963 368 998 lieu!
392 962 475 998 data
496 970 549 997 est
573 962 648 1010 ipsa
670 960 906 1010 providentia
926 974 1057 996 eorum
1093 961 1128 996 in
1163 974 1270 997 occa-

276 1023 418 1058 sionem
441 1022 562 1057 carnis
579 1049 587 1064 ‚
610 1029 646 1056 et
665 1021 728 1069 qui
751 1019 819 1056 sibi
841 1021 981 1068 pariter
1000 1029 1111 1069 atque
1132 1021 1212 1056 aliis
1233 1021 1268 1057 in

275 1082 370 1117 co’lo
393 1080 630 1117 tabernacula
651 1088 786 1115 aeterna
809 1092 940 1128 parare
968 1079 1199 1123 debuerant,
1234 1080 1268 1116 in

275 1151 372 1177 terra
395 1140 629 1189 conjungunt
649 1139 800 1174 donnnn
822 1139 867 1175 ad
888 1139 1063 1183 domum,
1085 1148 1121 1174 et
1139 1152 1268 1187 agrum

274 1201 453 1250 copulant
473 1201 580 1247 agro!
597 1199 686 1246 Quis
707 1198 829 1247 rapuit
848 1197 894 1233 ab
915 1211 979 1233 ore
998 1198 1267 1246 Apostolorum

278 1260 456 1309 temporis
491 1258 600 1306 liujus
636 1257 791 1293 verbum
825 1257 975 1305 gradae,
1006 1257 1151 1292 lidueiae
1181 1269 1267 1291 ver-

277 1319 365 1355 bum
396 1333 403 1354 z
432 1321 526 1353 Ecce
566 1331 631 1351 nos
664 1320 873 1363 reliquimus
903 1320 1054 1358 omum,
1092 1325 1125 1349 et
1157 1320 1269 1350 secuti

275 1392 398 1413 sumus
419 1381 479 1412 te?
502 1380 594 1412 Ecce
618 1376 716 1410 enim
740 1383 780 1410 ut
800 1375 984 1422 populus,
1007 1374 1058 1409 sic
1086 1382 1122 1409 et
1144 1387 1269 1409 sacer-

273 1439 341 1473 dos
359 1444 384 1473 ².
408 1436 585 1472 Similiter
613 1435 745 1470 volunt
766 1434 802 1468 in
824 1433 893 1468 hoc
915 1433 1052 1468 saeculo
1075 1433 1153 1468 lieri
1174 1433 1269 1468 divi-

273 1508 346 1541 tes3
382 1496 573 1539 similiter,
608 1494 683 1529 imo
713 1501 750 1528 et
783 1491 1037 1528 abundantius
1068 1504 1172 1527 suam
1209 1491 1266 1527 hic

269 1555 493 1606 praeripiunt
509 1553 818 1589 consolationem.
831 1550 1147 1588 Similiteramicis
1157 1559 1267 1598 egent

271 1625 307 1652 et
334 1615 425 1664 ipsi,
453 1621 493 1649 ut
512 1613 549 1648 in
571 1612 691 1648 aliena
718 1611 847 1646 saltem
879 1609 1119 1645 tabernacula
1145 1610 1265 1646 susci-

275 1677 446 1725 piantur,
477 1681 607 1722 utpote
640 1671 795 1720 propria
826 1682 903 1706 non
934 1669 1127 1705 habentes.
1164 1670 1265 1706 Beati

270 1736 368 1772 enim
404 1745 588 1784 pauperes
615 1731 769 1780 spiritu,
798 1729 977 1778 quoniam
1012 1729 1179 1778 ipsorum
1213 1737 1267 1764 est

1065 173 1305 208 GAUFRun
1336 175 1532 211 ABBA'rts

2245 181 2319 217 604

1370 313 1409 342 X.
1445 329 1470 333 -
1488 311 1654 350 Quomodo
1673 312 1772 342 clerici
1793 323 1810 342 a
1830 313 1957 354 singulis
1972 314 2133 354 generibus
2150 315 2309 348 hominum

1634 364 1717 405 quod
1737 364 1867 396 delectat
1886 373 2043 408 usurpent.

1397 484 1453 518 lt).
1478 482 1632 518 Videtur
1651 491 1687 518 et
1707 491 1858 519 sanctus
1887 483 2007 520 David
2034 486 2201 521 cauterio
2228 487 2332 535 gravi

1340 542 1488 578 inurere
1504 542 1686 591 quosdam
1706 557 1712 578 :
1734 543 1801 592 ipsi
1820 542 1984 580 viderint
2005 558 2100 593 quos
2120 545 2199 582 liaec
2226 559 2334 595 para-

1338 600 1423 637 bola
1453 610 1592 651 tangat.
1623 604 1666 636 In
1693 602 1838 645 labare,
1866 603 2008 651 inquit,
2041 605 2229 640 lmnn'mtm
2259 619 2332 641 mm

1337 669 1436 703 sunt,
1460 670 1495 695 et
1507 675 1588 696 cum
1606 661 1811 696 haminibus
1828 663 2204 711 nonstagellabzmtur
2218 679 2229 698 .·
2250 667 2333 700 ideo

1337 725 1452 755 tenuit
1468 734 1527 755 ens
1543 719 1754 768 snp‹¹1·l)ia⁶.
1779 721 1924 758 Habent
1943 723 2041 758 enim
2066 723 2210 771 singula
2230 737 2333 772 qum-

1338 793 1411 827 que
1438 792 1574 827 genera
1604 779 1797 816 bominum
1828 779 1966 818 laboris
1995 782 2160 831 aliquid,
2191 783 2332 832 aliquid

1339 839 1553 888 voluptatis,
1583 838 1654 874 Sed
1684 839 1880 875 advertere
1909 848 1965 876 est
1997 841 2233 890 prudentiam
2268 842 2331 877 ali-

1337 911 1519 946 quorum,
1548 906 1583 934 et
1611 898 1735 933 mirari
1757 899 2074 947 quemadmodum
2104 914 2204 936 novo
2235 901 2333 937 inter

1338 956 1414 992 liaec,
1446 957 1603 993 artilicio
1637 957 1909 1002 discernentes,
1942 966 1977 994 et
2004 958 2050 994 ab
2082 959 2240 995 invicem
2271 973 2331 996 se-

1294 1017 1317 1050 B
1335 1024 1569 1064 questrantes
1588 1030 1652 1061 ea,
1675 1025 1793 1052 totum
1815 1017 1916 1065 quod
1940 1017 2100 1053 delectat
2122 1019 2266 1066 eligunt
2294 1027 2332 1055 et

1335 1076 1615 1125 amplectuntur
1632 1090 1639 1112 :
1659 1075 1762 1124 quod
1792 1077 1989 1112 molestum
2013 1085 2089 1122 est,
2119 1078 2267 1126 fugiunt
2294 1087 2332 1114 et

1335 1134 1536 1171 declinant.
1562 1138 1653 1172 Cum
1685 1135 1864 1171 militibus
1895 1149 2030 1185 nempe
2053 1136 2239 1186 superbiae
2272 1137 2330 1173 fa—

1335 1203 1436 1239 stus,
1460 1195 1621 1243 amplam
1648 1194 1838 1239 familiam,
1872 1203 1908 1230 et
1935 1194 2079 1231 nobiles
2107 1204 2330 1244 apparatus,

1334 1266 1517 1301 equorum
1539 1254 1728 1302 phaleras,
1747 1254 1962 1302 accipitres,
1984 1255 2103 1300 aleas,
2129 1263 2165 1290 et
2196 1254 2330 1291 similia

1334 1324 1492 1359 quaeque
1525 1312 1773 1359 frequentant.
1804 1312 1929 1360 Aliqui
1957 1313 2052 1349 forte
2074 1312 2331 1362 dependentes

1334 1383 1353 1405 a
1372 1370 1471 1405 collo
1490 1369 1694 1406 rubricatas
1712 1371 1872 1406 murium
1890 1372 2025 1420 pelles,
2046 1380 2200 1408 ornatos
2218 1372 2332 1408 11111111-

1335 1442 1434 1473 mos,
1466 1427 1623 1473 balnea,
1648 1438 1685 1465 et
1713 1429 1907 1465 mollitiem
1935 1444 2087 1466 omnem
2110 1440 2223 1479 atque
2248 1431 2330 1480 glo-

1336 1489 1426 1524 riam
1451 1488 1608 1523 vestium
1637 1501 1657 1524 a
1687 1488 1917 1525 mulierculis
1945 1498 2188 1535 mutuantur3
2221 1498 2329 1526 caute

1332 1547 1487 1583 omnino
1518 1547 1642 1583 loricae
1662 1546 1813 1596 pondus
1829 1575 1838 1591 ,
1870 1556 1906 1583 et
1933 1547 2124 1584 insomnes
2140 1549 2178 1584 in
2200 1549 2330 1585 castris

1331 1615 1482 1649 noctes,
1504 1607 1720 1654 incertaque
1747 1605 1961 1643 discrimina
1989 1607 2220 1656 praeliorum,
2241 1620 2328 1643 mu-

1332 1664 1484 1701 liebrem
1519 1678 1670 1714 quoque
1704 1665 1967 1701 verecundiam
2000 1674 2037 1702 et
2069 1665 2327 1716 disciplinam,

1334 1733 1396 1761 aut
1417 1725 1446 1760 si
1467 1725 1557 1773 quid
1579 1737 1689 1760 sexus
1709 1725 1769 1760 ille
1799 1723 1938 1760 laboris
1971 1724 2110 1761 habere
2129 1725 2295 1762 creditur
2313 1730 2328 1746 ³

270 1808 426 1843 regnum
460 1793 640 1829 coelorum
660 1790 685 1826 ³.
720 1793 903 1826 Caeterum
935 1788 1150 1825 hominibus
1164 1817 1173 1832 ,
1202 1789 1267 1837 qui
1287 1787 1314 1823 C
1333 1785 1574 1821 declinantes.
1594 1784 1735 1821 Sudant
1759 1784 1947 1833 agt'iColae;
1973 1792 2106 1833 putant
2122 1793 2159 1821 et
2180 1785 2327 1822 fodiunt

270 1853 508 1904 perfeetionis
529 1851 701 1886 obtinent
722 1850 867 1892 locum,
888 1847 1067 1897 dignitate
1095 1847 1241 1896 pollent
1255 1875 1264 1892 ‚

269 1914 492 1950 auctoritate
518 1910 783 1960 przeeminent,
813 1908 1022 1955 funguntur
1046 1906 1193 1951 ostieio,
1217 1920 1263 1943 an

268 1973 366 2007 inter
393 1971 472 2006 haec
501 1968 726 2004 inlirmitatis
745 1975 782 2001 et
801 1965 1118 2014 inmerfectionis,
1151 1977 1263 2013 quam

267 2044 386 2080 usqne
418 2029 511 2065 adeo
545 2028 773 2070 dil'litentur,
807 2026 913 2061 liceat
947 2025 1077 2061 saltem
1113 2037 1264 2073 sperare

267 2089 492 2132 remedium,
518 2088 586 2137 ipsi
608 2088 694 2123 hinc
722 2099 872 2135 quoqne
891 2086 964 2121 sint
983 2084 1147 2133 judices;
1171 2085 1262 2133 ipsi,

267 2152 418 2199 inquam
433 2148 631 2197 ,judicent
651 2155 777 2182 utrum
800 2145 919 2180 liceat.
950 2148 1042 2181 'Nam
1071 2143 1171 2192 quod
1195 2144 1264 2179 1111-

267 2210 366 2245 nime
386 2208 530 2251 deceat,
555 2206 790 2241 manifestum
812 2212 868 2239 est
889 2217 895 2238 ε
917 2203 1024 2238 nobis
1052 2215 1140 2238 sane
1158 2203 1265 2238 liceat

267 2269 323 2303 vel
346 2267 475 2303 audire
497 2266 705 2308 dicentem,
733 2266 771 2299 Si
796 2265 855 2297 sal
884 2260 1105 2308 infatuatum
1124 2259 1261 2306 ιφθανίί,

267 2333 302 2363 in
323 2341 394 2375 quo
414 2328 597 2361 salietur?
620 2326 680 2359 Ad
697 2324 851 2357 assulam
874 2324 977 2356 valet
993 2324 1090 2355 ultra
1107 2349 1116 2363 ‚
1135 2325 1207 2354 mla
1227 2330 1265 2355 ιιι

268 2383 574 2430 millatm·s‹17⁴as‚
597 2391 632 2416 et
649 2380 921 2415 ‹·ae1m·ulcctm·⁴'.
942 2378 1012 2415 Sed
1041 2386 1077 2413 et
1099 2377 1261 2425 Presby-

269 2454 369 2488 tero,
401 2443 459 2479 cui
481 2441 633 2477 forsitan
656 2439 836 2487 derogare
856 2437 1060 2482 timebunt,
1083 2437 1260 2484 quoniam

267 2512 417 2539 sanctus
437 2510 492 2537 est
508 2529 517 2545 ,
541 2499 593 2535 uti
623 2499 730 2535 liceat
756 2498 866 2533 solita
891 2497 1043 2546 spiritus
1067 2495 1259 2539 libertate,

1333 1845 1514 1880 rinitores
1538 1858 1545 1878 :
1570 1852 1606 1880 et
1628 1844 1692 1893 qui
1713 1843 1810 1879 inter
1828 1843 1906 1878 haee
1926 1851 2077 1893 torpent
2096 1844 2196 1889 otio,
2219 1858 2326 1881 acce-

1330 1904 1441 1940 dente
1467 1905 1655 1940 sructuum
1686 1912 1855 1952 tempore
1883 1903 2057 1939 innovari
2088 1902 2158 1939 sibi
2192 1903 2327 1940 horrea

1325 1962 1477 2011 jubent,
1505 1970 1542 1998 et
1573 1961 1834 2011 promptuaria
1859 1974 1991 1997 eorum
2023 1961 2153 2010 plena,
2182 1962 2325 1998 utinam

1330 2035 1406 2057 non
1428 2034 1504 2071 prae
1525 2021 1621 2066 illis;
1644 2021 1784 2056 utinam
1807 2020 1865 2056 vel
1888 2033 1971 2056 cum
1994 2020 2076 2057 illis.
2098 2021 2238 2057 Vivunt
2265 2022 2328 2057 tri-

1331 2082 1429 2126 tico,
1465 2080 1602 2116 1111111111
1635 2093 1717 2116 uvae
1748 2080 1967 2128 sanguinem
2001 2080 2324 2117 meracissimum:

1329 2155 1462 2190 parum
1490 2150 1566 2185 est,
1596 2141 1881 2190 impinguantur
1913 2148 1950 2176 et
1978 2139 2182 2177 dilatantur
2215 2140 2327 2190 adipe

1330 2200 1521 2236 frumenti.
1558 2199 1767 2236 Herbarum
1807 2199 1926 2235 succis
1958 2199 2200 2248 peregrinum
2244 2213 2326 2236 mu-

1331 2267 1484 2294 tuantur
1513 2259 1600 2294 vina
1630 2271 1825 2307 saporem,
1855 2267 1891 2294 et
1922 2257 2073 2294 additur
2105 2259 2230 2295 oleum
2263 2273 2325 2295 ca-

1331 2318 1446 2353 mino.

1386 2377 1442 2412 11.
1460 2375 1532 2414 Sed
1544 2375 1739 2411 considera
1752 2384 1787 2411 et
1804 2375 2066 2424 negotiatores.
2084 2376 2327 2413 Circumeunt

1329 2448 1432 2471 mare
1454 2443 1490 2470 et
1511 2434 1670 2480 aridam,
1690 2435 1725 2470 in
1748 2434 1877 2470 labore
1895 2435 2084 2483 corporis,
2102 2443 2139 2471 et
2155 2436 2326 2485 periculo

1328 2495 1413 2531 vitae
1435 2495 1620 2543 perituras
1651 2493 1719 2530 sibi
1747 2494 1896 2530 divitias
1918 2503 2198 2543 congregantes.
2222 2499 2326 2532 Dura

268 2562 358 2598 nulli
379 2559 553 2603 blandiri,
572 2558 724 2607 palpare
744 2556 954 2600 neminem;
975 2554 1039 2590 sed
1062 2554 1160 2590 nude
1187 2568 1258 2589 nu--
1282 2556 1313 2589 D
1329 2554 1505 2589 suntliaec
1525 2568 1531 2588 :
1550 2562 1704 2589 caveant
1722 2552 1926 2602 prudentes
1953 2554 2071 2589 nostri
2089 2568 2098 2598 ;
2121 2553 2250 2590 dulces
2270 2555 2325 2591 in-

265 2622 349 2657 dam
373 2632 547 2669 promere
572 2618 780 2653 veritatem.
809 2633 822 2647 «
856 2616 1040 2659 Clericus,
1071 2631 1084 2645 υ
1115 2614 1259 2662 inquit,

270 2699 283 2711 «
309 2680 372 2728 qui
396 2686 540 2728 partem
561 2676 673 2712 habet
693 2676 730 2711 in
756 2684 874 2719 terra,
901 2687 976 2709 non
1001 2672 1153 2709 habebit
1179 2686 1262 2722 par-

272 2758 286 2772 »
313 2749 384 2776 tem
407 2739 443 2775 in
463 2738 570 2774 coelo.
597 2754 610 2767 »
632 2740 824 2784 Itemque,
851 2751 865 2765 «
892 2734 1058 2770 Clericus
1089 2733 1118 2768 si
1146 2732 1259 2781 quid-

270 2819 284 2830 ι»
311 2800 408 2849 piam
439 2797 612 2834 habuerit
640 2804 777 2845 praeter
803 2794 1031 2836 Dominum,
1064 2805 1150 2841 pars
1179 2791 1259 2840 ejus

268 2880 282 2892 υ
308 2872 382 2895 non
403 2858 474 2893 erit
497 2856 680 2892 Dominus
701 2869 708 2890 ε
731 2853 836 2889 verbi
857 2853 973 2901 gratia
993 2880 1002 2896 ‚
1037 2851 1066 2887 si
1096 2864 1229 2887 aurum
1246 2879 1255 2895 ,

268 2938 282 2950 »
308 2919 336 2954 si
365 2925 580 2965 argentum,
609 2915 637 2950 si
665 2913 919 2964 possessiones
939 2941 947 2957 ‚
973 2912 1001 2948 si
1029 2911 1169 2946 variam
1199 2924 1259 2947 su-

267 2999 280 3009 n
307 2976 528 3026 pellectilem
542 3003 551 3019 ‚
573 2988 656 3010 eum
678 2974 757 3010 istis
773 2974 958 3010 Dominus
977 2983 1062 3020 pars
1081 2969 1162 3018 ejus
1180 2970 1257 3006 lieri

267 3055 280 3068 υ
308 3049 382 3072 non
405 3035 577 3084 dignatur
595 3033 619 3069 ⁵.
644 3051 657 3064 ι»

316 3240 323 3254 “
344 3234 412 3264 lsai.
428 3244 551 3265 xxviii.
574 3236 630 3262 90.
649 3249 688 3254 —-
714 3237 724 3252 ²
749 3231 794 3261 ld.
813 3241 904 3262 xxiv,
925 3233 955 3258 ¹).

263 3286 277 3306 ⁶
295 3287 370 3317 l‘sil.
390 3297 494 3322 Lxxu,
516 3290 546 3317 .’1.
565 3289 596 3314 Γ».

1331 2622 1430 2649 terea
1461 2613 1610 2661 capiant
1634 2626 1805 2658 somnos,
1828 2625 1874 2648 ne
1896 2613 2036 2658 dicam,
2058 2613 2095 2648 in
2117 2613 2241 2650 stratis
2263 2614 2324 2650 la-

1328 2673 1487 2708 sciviant
1513 2673 1599 2708 suis.
1622 2672 1700 2708 lii-it
1728 2680 1851 2708 tamen
1878 2672 2046 2708 invenire
2074 2672 2112 2708 in
2142 2671 2202 2708 die
2228 2673 2322 2709 sesto

1326 2745 1456 2780 graves
1468 2732 1562 2767 vasis
1574 2731 1695 2767 aureis
1707 2740 1743 2767 et
1756 2731 1942 2780 argenteis
1954 2731 2212 2768 ministrorum
2225 2730 2317 2768 dex-

1327 2801 1419 2836 tras,
1449 2792 1603 2828 refertas
1623 2791 1736 2827 variis
1765 2790 1903 2840 opibus
1925 2791 2124 2836 manticas,
2158 2792 2317 2840 perticas

1323 2860 1509 2896 oneratas,
1532 2851 1620 2886 etin
1643 2851 1788 2887 scriniis
1812 2859 1885 2887 tam
1907 2851 2132 2900 multiplices
2149 2850 2316 2896 loculos,

1323 2919 1365 2947 111
1393 2911 1422 2947 51
1451 2923 1597 2946 mensas
1623 2909 1858 2955 adhibueris,
1894 2910 2167 2946 nummularios
2192 2917 2313 2959 putes.

1322 2969 1419 3017 Quid
1442 2968 1566 3005 fabros
1586 2977 1650 3004 aut
1670 2969 1928 3005 caementarios
1942 2998 1952 3015 ,
1969 2977 2200 3017 caeterosque
2218 2967 2317 3016 ejus-

1323 3029 1424 3065 modi
1449 3028 1643 3077 operarios
1668 3040 1818 3063 necesse
1845 3036 1901 3063 est
1923 3029 2148 3063 numerare?
2168 3027 2313 3063 Victum

1321 3088 1393 3126 sibi
1408 3088 1526 3124 multo
1544 3086 1671 3123 labore
1689 3095 1863 3136 quaerunt
1885 3102 1892 3122 :
1915 3087 1967 3122 illi
1988 3086 2139 3122 madent
2156 3085 2311 3130 deliciis,

1003 3248 1007 3250 >
1046 3227 1058 3248 3
1086 3227 1199 3258 Manli.
1224 3239 1254 3265 ν,
1279 3231 1309 3259 3.
1334 3246 1371 3250 ——
1395 3226 1408 3251 4
1425 3226 1471 3257 Id.
1496 3238 1528 3262 v,
1550 3229 1600 3258 13.
1620 3243 1662 3247 —
1684 3224 1696 3246 ⁵
1715 3227 1744 3255 S.
1763 3224 1982 3265 Hieronymus»,
2002 3225 2090 3265 epist.
2111 3227 2128 3253 2
2145 3222 2182 3252 ad
2200 3224 2310 3264 Nepot.

1423 3284 1437 3299 ὓ
1455 3278 1553 3313 Alias,
1570 3279 1711 3307 cernitur.
