2418 3949
71 154 140 190 165

750 157 799 191 IN
828 156 1057 198 CANTICA‚
1088 155 1251 190 SERMO
1280 157 1421 191 XXIII.

64 229 222 268 busdam
254 230 459 281 exprobret
488 230 591 280 quod
621 231 659 267 in
692 232 809 268 altero
844 245 882 269 se
914 245 1049 269 canum
1070 230 1082 247 ⁷

2039 160 2111 196 166

1087 229 1100 248 ⁰
1118 231 1240 267 monis
1260 232 1477 280 dispensare
1497 232 1636 269 debent
1650 233 1884 279 amnoniam,
1904 243 1940 271 et
1955 249 2112 273 arcanos

65 290 190 326 officio
216 298 377 335 exuant,
399 290 438 326 in
469 289 586 325 altero
617 302 655 326 se
685 302 794 326 canes
817 289 1020 326 exhibeant
1040 294 1098 327 :A
1117 290 1328 326 secretioris
1362 291 1466 327 verbi
1505 292 1690 329 discutere
1724 306 1854 330 sensus
1871 323 1880 340 ,
1919 296 2111 345 sapientiae

65 349 201 386 latrare
230 362 307 386 non
338 349 524 394 valentes,
549 356 587 384 et
615 361 691 385 non
716 348 928 385 desinentes
957 349 1055 385 laee—

65 421 159 445 rare.
181 409 287 446 Tales
309 418 396 445 sunt
416 408 483 457 qui
501 408 662 445 invicem
690 407 866 444 mordent
884 416 920 443 et
946 421 1053 444 com—

65 467 204 513 edunt,
237 476 274 504 et
307 475 584 504 consumuntur
617 466 663 503 ab
698 466 871 502 invicem.
902 466 1052 503 Utinam

66 528 139 564 huc
171 541 290 577 usque
322 527 483 564 sufficiat
516 535 558 564 ut
595 527 755 563 invicem
793 526 991 562 mordeant
1018 536 1055 564 et

66 587 283 632 comedant,
303 599 372 622 nec
396 594 540 622 tentent
559 586 662 635 ipsos
684 584 928 622 'detonsarum
950 586 1051 623 Iace—

67 659 149 682 rare
165 646 306 682 dentes.
326 645 402 695 Ipsi
422 645 595 682 doctores
612 645 787 682 Eeclesiae
803 653 840 681 et
860 646 1052 695 praepositi

66 716 192 740 nonne
220 703 288 740 tibi
310 703 488 740 videntur
513 704 645 740 dentes
672 704 845 753 quidam,
873 704 937 753 qui
964 704 1053 741 red-

64 761 272 810 argutionis
299 760 494 797 benevolae
523 762 625 798 velut
651 761 840 799 morsibus
864 762 1053 811 subjectos

65 819 314 866 convincunt,
355 819 586 868 dijudicant,
634 821 898 867 manifestant,
933 830 969 858 et
1006 821 1052 858 ad

65 879 256 916 meliorem
277 880 476 916 emolliunt
499 882 665 916 statum?
687 880 798 927 Quod
827 880 857 917 si
886 888 925 916 tu
954 894 1054 930 prae-

65 938 183 975 durus
198 952 256 984 es,
279 947 317 975 et
334 939 496 975 emolliri
523 952 600 976 non
629 948 754 988 potes,
786 939 877 988 quid
910 952 1054 976 remor-

64 997 154 1034 dere
176 1000 314 1048 paras?
335 1002 394 1036 An
415 1011 492 1035 non
516 998 729 1044 remordes,
757 999 821 1048 qui
847 999 905 1035 vel
929 999 968 1034 in
988 1012 1053 1035 oc-

63 1057 164 1093 culto
195 1056 378 1104 detrahis,
415 1059 474 1094 vel
504 1059 626 1108 palam
664 1058 921 1095 contradicis?
955 1058 1054 1107 Quid

63 1115 214 1153 dentem
242 1125 374 1154 contra
397 1117 547 1155 dentem
577 1130 703 1167 paras,
728 1118 878 1155 dentem
907 1119 1054 1168 impro-

63 1175 155 1213 bum
175 1185 306 1214 contra
325 1177 476 1214 dentem
495 1179 599 1228 pium
615 1179 629 1214 Ρ
648 1177 823 1214 Mordere
844 1188 971 1228 potes,
989 1178 1055 1216 sed

64 1247 286 1272 consumere
317 1249 394 1273 non
423 1245 545 1286 potes.
576 1240 716 1274 Dentes
736 1238 836 1274 enim
858 1247 946 1275 sunt
976 1254 983 1276 :
1018 1247 1055 1275 et

64 1293 148 1330 duri
164 1302 251 1330 sunt
268 1303 305 1331 et
321 1295 436 1341 firmi;
457 1304 495 1332 et
512 1295 750 1332 detrahentes
767 1310 843 1333 non
864 1306 1052 1343 metuunt,

63 1365 250 1391 memores
270 1368 309 1391 se
329 1368 413 1391 cum
437 1355 623 1405 propheta
647 1356 745 1393 inter
772 1357 989 1406 scorpiones
1018 1365 1055 1393 et

63 1411 276 1450 incredulos
296 1415 522 1451 commorari
536 1422 570 1461 ¹;
591 1424 648 1461 et,
670 1415 768 1452 sieut
788 1429 877 1452 oves
892 1444 901 1461 ,
923 1417 1055 1453 missos

64 1471 162 1508 inter
184 1473 343 1523 lup0s²‚
366 1483 406 1510 ut
425 1475 527 1524 ipsos
549 1476 659 1525 lupos
677 1476 714 1512 in
735 1489 826 1512 oves
845 1477 1056 1513 rationabili

64 1531 262 1569 tolerantia
279 1542 315 1570 et
333 1534 596 1571 exhortatione
621 1544 865 1572 commutent.
895 1539 941 1572 Et
960 1536 1057 1573 bene

64 1593 297 1628 detonsarum
331 1593 527 1639 dicuntur,
559 1594 661 1643 quo‘d
696 1595 845 1631 illorum
876 1609 952 1631 non
983 1596 1058 1632 sint

64 1662 212 1687 morsus
237 1651 423 1700 fugiendi,
444 1652 507 1701 qui
530 1651 718 1689 bonorum
742 1666 902 1703 operum
929 1667 1057 1690 exem-

63 1709 145 1758 pla,
187 1709 283 1746 sicut
315 1711 455 1747 vellera
492 1711 684 1760 quaedam,
725 1712 904 1761 subjectis
943 1714 1056 1750 mini-

64 1776 195 1806 strant.

117 1830 151 1866 7.
167 1832 250 1866 Non
272 1837 395 1866 tamen
410 1843 500 1866 usus
517 1830 685 1867 dentium
706 1831 744 1867 in
761 1831 891 1868 alienis
912 1840 1055 1869 tantum

63 1888 324 1926 remordendis
343 1898 381 1925 et
400 1890 670 1927 convincendis
690 1890 881 1927 erroribus
900 1892 1057 1928 aestima-

66 1956 138 1984 tur.
167 1951 232 1984 Est
260 1957 298 1984 et
327 1949 454 1998 potior
484 1949 637 1998 quidam
659 1963 789 1986 eorum
814 1964 920 1997 usus,
942 1952 970 1987 si
992 1951 1057 2000 qui

65 2007 193 2044 idonei
228 2017 316 2044 sunt
342 2009 503 2045 solidum
534 2009 694 2046 coelestis
729 2010 843 2046 edulii
878 2010 1056 2046 mandere

66 2079 221 2115 panem,
250 2075 287 2102 et
308 2067 537 2102 sublimioris
562 2068 744 2102 doctrinae
769 2077 932 2102 secretos
957 2068 1057 2113 diju-

66 2124 190 2161 dicare
224 2134 261 2161 et
293 2125 505 2161 discernere
539 2125 777 2169 intellectus,
812 2123 948 2173 quibus
980 2137 1056 2161 non

58 2182 139 2233 jam
162 2184 256 2220 lacte
275 2197 370 2233 opus
389 2192 464 2229 est,
496 2183 560 2220 sed
582 2183 702 2220 solido
724 2182 808 2219 cibo
824 2211 833 2227 ,
855 2183 1057 2233 ipsumque

64 2241 346 2292 quodammodo
375 2251 569 2279 attenuare
596 2251 633 2278 et
660 2242 852 2278 infirmare
880 2250 1055 2291 possunt,

61 2308 99 2337 et
117 2300 280 2350 quodam
299 2309 595 2351 temperamento
613 2302 670 2338 vel
691 2301 981 2351 dispensationis
997 2301 1055 2337 vel

61 2359 324 2410 disputationis
343 2361 414 2397 illis
433 2361 600 2398 sobrium
629 2361 808 2407 reddere,
829 2361 894 2410 qui
913 2361 959 2397 ad
991 2374 1054 2397 so-

60 2419 175 2456 lidum
198 2432 267 2469 per
286 2433 324 2456 se
345 2420 613 2457 insufficientes
633 2428 760 2465 erant,
794 2420 858 2457 sed
888 2427 1054 2456 tantum-

61 2479 175 2515 modo
193 2480 296 2516 lactis
316 2480 527 2529 participes.
551 2480 722 2528 Quodam
744 2481 845 2516 enim
865 2479 1053 2516 solidioris

61 2538 301 2576 instrumenti
317 2538 364 2576 ad
382 2540 636 2579 mandendum
656 2548 812 2576 utuntur
832 2539 1053 2585 ministerio,

63 2596 127 2645 qui
148 2597 371 2634 exercitatos
398 2597 535 2634 habent
560 2611 689 2634 sensus
715 2597 761 2634 ad
788 2597 1052 2634 discretionem

63 2654 155 2692 boni
186 2665 223 2693 et
249 2657 335 2694 mali
364 2672 372 2693 ε
404 2657 479 2693 imo
504 2657 614 2693 etiam
650 2656 741 2693 boni
766 2665 802 2693 et
832 2656 946 2701 boni,
978 2669 1054 2693 non

67 2721 211 2754 tantum
238 2714 451 2763 judicantes
480 2715 576 2751 inter
601 2723 749 2751 noctem
780 2723 817 2752 et
841 2715 962 2761 diem,
989 2715 1055 2751 sed

67 2785 218 2809 omnem
248 2773 460 2822 judicantes
493 2773 605 2810 diem.
642 2777 686 2810 Et
717 2773 803 2822 jure
836 2776 882 2809 (le
912 2777 1056 2809 lavacro

67 2832 268 2869 ascendere
292 2832 403 2877 dicit,
423 2841 465 2869 ut
490 2832 707 2869 mundando
735 2833 841 2869 cordi
869 2833 1058 2869 studiosos

68 2889 223 2941 probet,
251 2904 296 2927 eo
323 2892 425 2940 quod
454 2892 602 2928 mundis
630 2892 742 2929 corde
765 2892 892 2929 divina
921 2893 966 2929 sit
1001 2906 1058 2929 re-

67 2950 250 3000 promissa
280 2950 456 2999 cognitio.
491 2950 601 2989 Vides
635 2951 829 3000 quomodo
866 2952 988 2988 lautos
1021 2960 1058 2987 et

68 3009 413 3059 irreprehensibiles
441 3022 519 3046 esse
539 3019 690 3060 oportet
708 3024 792 3057 eos,
811 3011 875 3059 qui
897 3011 1056 3047 aliorum

67 3081 240 3106 excessus
255 3068 393 3105 debent
409 3070 624 3107 remordere
644 3078 680 3106 et
700 3071 889 3119 corripere
921 3085 928 3106 :

69 3127 182 3164 modo
205 3128 326 3164 lautos
345 3137 380 3165 et
401 3129 561 3165 mundos
580 3129 711 3175 eorde,
745 3130 809 3178 qui
834 3129 950 3165 divini
979 3144 1057 3166 ser-

955 3083 1055 3119 (¹110-

1119 349 1249 386 intima
1268 350 1414 395 rimari,
1432 359 1469 386 et
1485 352 1676 387 ruminare
1692 352 1847 388 viscera.

1174 410 1207 445 8.
1237 412 1375 444 Dentes
1391 415 1443 452 ιμι·
1461 416 1568 457 quasi
1593 424 1688 459 grex·
1713 414 1958 450 detonsarum.
1989 417 2112 462 Quare

1122 480 1225 517 ergo,
1246 469 1351 518 quasi
1371 472 1488 517 grex?
1511 470 1650 518 Utique
1667 471 1769 519 quod
1787 484 1866 508 sese
1887 486 1963 509 non
1983 475 2111 525 impu—

1120 536 1254 576 gnent,
1281 537 1318 564 et
1342 528 1589 565 adversentur
1608 528 1697 573 sibi,
1723 530 1787 565 sed
1809 531 1847 567 in
1874 532 2113 582 simplicitate

1119 594 1157 622 et
1183 595 1326 623 unitate
1348 600 1478 623 sensus
1501 588 1558 624 sui
1578 589 1783 624 concinunt
1815 598 1852 625 et
1882 594 2116 632 concordant

1118 645 1292 681 Ecclesiae
1320 644 1471 689 dentes,
1505 647 1624 690 Quasi
1647 659 1743 693 grex
1771 649 2006 687 decom-arum
2026 667 2115 701 quoe

1118 706 1363 740 ascenderunt
1389 707 1434 740 (le
1467 708 1628 741 lavacro.
1653 708 1825 741 Veterem
1859 709 1957 745 enim
1992 711 2114 762 depo-

1118 771 1250 800 nentes
1281 763 1495 809 hominem,
1529 771 1566 799 et
1595 776 1710 799 onere
1735 776 1971 813 supervacuo
2003 769 2115 807 levati

1118 834 1160 858 ac
1189 822 1275 866 loti,
1302 822 1462 858 alacrius
1481 821 1528 858 ad
1547 822 1744 871 superiora
1764 826 2036 864 conscendunt.
2059 831 2116 866 Si-

1120 880 1272 930 quidem
1303 881 1373 931 ipsi
1404 882 1469 931 pili
1503 889 1649 918 veteres
1681 882 1790 918 oneri
1815 882 1894 931 jam
1918 898 1997 922 esse
2024 887 2116 925 inci-

1120 941 1247 990 piunt,
1283 954 1368 977 cum
1410 941 1535 991 primo
1571 954 1669 977 nova
1704 942 1844 979 vellera
1882 946 2115 993 germinant,

1073 1004 1101 1037 B
1120 1013 1205 1036 cum
1228 1000 1346 1036 hiems
1376 1000 1542 1045 transiit,
1567 1013 1652 1036 eum
1673 1000 1795 1038 imber
1814 1002 1906 1039 abiit
1930 1013 1967 1040 et
1992 1019 2118 1043 reces-

1120 1060 1177 1096 sit.
1204 1060 1371 1109 Ideoque
1399 1060 1431 1097 si
1452 1060 1572 1096 veteri
1595 1068 1631 1096 et
1656 1073 1891 1110 supervacuo
1915 1063 2053 1101 levium
2080 1074 2118 1102 et

1119 1117 1288 1154 inanium
1309 1131 1436 1154 rerum
1457 1119 1595 1154 vellere
1614 1127 1648 1155 te
1667 1119 1812 1156 involvi
1841 1121 1962 1158 adhuc
1987 1136 2119 1161 neces-

1120 1178 1259 1215 sarium
1280 1178 1403 1224 ducis,
1439 1179 1608 1215 nondum
1630 1178 1694 1215 tibi
1717 1180 1889 1218 hiemalia
1912 1185 2117 1234 congelatae

1121 1239 1256 1274 mentis
1286 1239 1424 1287 frigora
1456 1239 1701 1275 transierunt.
1726 1243 1826 1277 Bene
1848 1255 1938 1292 ergo
1969 1244 2117 1281 detonsi

1120 1305 1158 1332 et
1176 1297 1222 1333 de
1238 1297 1387 1334 lavaero
1410 1298 1640 1344 ascendunt,
1661 1300 1767 1348 quasi
1784 1301 1875 1337 nihil
1893 1305 2031 1341 veteris
2060 1306 2118 1341 vel

1120 1358 1273 1394 sarcinae
1292 1359 1352 1394 vel
1372 1358 1492 1394 sordis
1509 1358 1702 1395 habentes.
1723 1361 1897 1398 Attendis
1917 1364 2018 1412 quod
2040 1378 2117 1401 non

1123 1415 1187 1452 tibi
1223 1418 1360 1453 suflicit
1391 1417 1608 1464 detonderi,
1631 1431 1708 1454 non
1739 1420 1874 1457 suffieit
1907 1425 2118 1469 exonerari,

1122 1488 1199 1512 uon
1231 1476 1366 1512 suflicit
1397 1477 1516 1512 lotum
1545 1485 1582 1512 et
1608 1490 1749 1513 novum
1777 1479 1876 1524 fieri,
1901 1482 1970 1517 nisi
1996 1484 2118 1519 statim

1122 1536 1322 1581 ascendas,
1350 1544 1387 1571 et
1411 1536 1545 1584 spiritu
1569 1536 1721 1572 incedas
1736 1565 1745 1581 ,
1767 1539 1831 1586 qui
1858 1542 2052 1577 renovaris
2081 1542 2118 1577 in

1123 1594 1285 1643 spiritu?
1306 1596 1346 1629 Si
1364 1599 1517 1642 spiritu,
1546 1595 1692 1643 inquit,
1724 1600 1900 1644 vivimus,
1929 1605 2060 1647 spiritu
2087 1610 2123 1637 et

1123 1653 1348 1689 ambulemus
1365 1652 1390 1690 3.
1418 1657 1473 1690 Tu
1497 1654 1611 1702 igitur
1640 1654 1668 1690 si
1699 1656 1900 1693 ascendere
1927 1658 2120 1708 disponis,

1123 1713 1282 1749 ascende
1311 1726 1459 1763 semper
1479 1713 1524 1750 de
1546 1714 1716 1760 lavacro,
1751 1728 1901 1765 semper
1934 1731 2055 1755 novus
2084 1727 2121 1755 et

1075 1776 1102 1812 C
1122 1772 1297 1809 mundus.
1320 1776 1420 1808 Lava
1438 1786 1506 1822 per
1522 1773 1685 1821 singulas
1704 1783 1832 1810 noctes
1850 1775 1986 1812 lectum
2013 1786 2119 1813 tuum

1122 1831 1309 1879 lacrymis.
1343 1836 1417 1868 Aut
1445 1832 1474 1867 si
1508 1840 1543 1867 te
1567 1840 1762 1880 peceatum
1795 1846 1872 1869 non
1905 1836 2012 1884 quasi
2044 1849 2121 1872 nox

1122 1891 1300 1936 involvit,
1329 1891 1392 1927 sed
1426 1891 1521 1926 sicut
1556 1891 1675 1927 nubes
1703 1895 1964 1940 praetervolat5
1995 1904 2035 1931 tu
2066 1904 2121 1931 ta-

1123 1963 1208 1986 men
1239 1951 1361 1986 lavare
1392 1964 1459 1998 per
1485 1951 1648 1996 singulas
1670 1959 1817 1995 noctes,
1839 1953 1949 1987 etiam
1980 1954 2120 1989 levium

1122 2009 1275 2055 vestigia
1295 2007 1517 2042 delictorum
1539 2008 1713 2055 lacrymis
1738 2008 1832 2044 dele.
1866 2010 1934 2046 Hic
1955 2012 2054 2047 enim
2084 2013 2121 2049 in

1123 2065 1294 2100 convalle
1324 2065 1574 2113 lacrymarum
1610 2066 1714 2102 locus
1746 2076 1802 2103 est
1833 2068 1981 2106 lavacri.
2021 2071 2120 2118 Quid

1123 2131 1178 2159 est
1209 2123 1312 2172 quod
1345 2124 1475 2160 sordes
1500 2133 1717 2174 congestas,
1748 2135 1784 2162 et
1810 2129 1949 2176 peccati
1981 2142 2121 2179 purga-

1124 2190 1249 2218 menta
1269 2182 1384 2219 futuri
1405 2196 1572 2220 reservas
1593 2184 1741 2221 lavaero
1763 2187 1910 2223 saeculi?
1927 2189 2026 2236 Quid
2049 2191 2120 2226 scis

1123 2241 1152 2277 si
1183 2254 1257 2278 non
1287 2243 1358 2278 erit
1383 2243 1458 2280 illic
1479 2244 1741 2281 conflatorium
1767 2247 1901 2295 magis,
1926 2261 2038 2297 quam
2065 2251 2121 2286 la-

1121 2303 1304 2337 vacrum?
1331 2305 1422 2339 Nam
1454 2316 1537 2351 quae
1570 2303 1630 2339 hic
1657 2304 1761 2340 facile
1787 2314 1964 2355 poterant
1994 2307 2119 2355 ablui,

1120 2358 1171 2395 ibi
1199 2372 1275 2396 non
1307 2369 1380 2396 tam
1409 2361 1447 2397 in
1472 2363 1762 2410 misericordias,
1783 2378 1895 2414 quam
1921 2367 1959 2402 in
1986 2368 2121 2417 spiritu

1115 2417 1248 2467 judieii
1279 2428 1315 2455 et
1347 2420 1492 2457 ardoris
1524 2430 1746 2471 purgantur.
1782 2427 1827 2460 Et
1860 2426 1945 2462 felix
1978 2428 2043 2476 qui
2073 2428 2120 2464 de

1119 2479 1279 2524 saeeulo,
1303 2492 1378 2515 non
1400 2481 1506 2529 quasi
1525 2481 1570 2517 de
1591 2495 1719 2527 coeno,
1740 2483 1804 2519 sed
1821 2485 1926 2533 quasi
1948 2485 1993 2521 de
2015 2487 2118 2523 lava-

1070 2540 1100 2573 D
1119 2551 1184 2573 cro
1204 2538 1389 2584 aseendit,
1413 2552 1488 2575 uon
1510 2539 1652 2577 habens
1672 2554 1823 2579 necesse
1846 2552 1886 2579 ut
1908 2545 2049 2594 aliquid
2081 2547 2117 2582 in

1119 2610 1158 2633 se
1185 2598 1302 2642 lavet,
1323 2598 1387 2634 sed
1414 2607 1468 2635 est
1496 2601 1659 2637 mundus
1688 2610 1797 2639 totus.
1826 2606 1898 2639 Iste
1925 2605 2034 2653 plane
2058 2606 2118 2642 di-

1120 2670 1214 2706 gnus
1232 2656 1432 2694 habebitur
1446 2658 1628 2696 dealbatis
1645 2661 1841 2706 dentibus,
1861 2663 1897 2698 id
1914 2672 1968 2700 est
1985 2665 2118 2702 animae

1121 2716 1312 2761 sensibus,
1334 2730 1469 2766 panem
1495 2719 1727 2767 Angelorum
1759 2722 1986 2759 manducare
2008 2738 2016 2759 ε
2041 2738 2116 2761 non

1117 2774 1194 2824 jam
1230 2789 1364 2825 panem
1398 2777 1560 2822 doloris,
1595 2779 1658 2814 sed
1690 2793 1824 2828 panem
1860 2782 1924 2830 qui
1957 2782 2119 2820 laetiticat

1122 2849 1188 2872 cor
1210 2835 1372 2871 hominis
1395 2851 1401 2872 :
1425 2837 1527 2872 illum
1549 2838 1680 2887 utique
1701 2852 1836 2888 panem
1860 2854 1971 2889 quem
2000 2843 2118 2892 signi-

1123 2896 1248 2931 ficavit
1277 2896 1461 2945 propheta
1498 2897 1648 2943 dicens,
1674 2899 1848 2936 satiabor
1881 2915 1963 2937 cnm
2000 2917 2119 2951 appa-

1123 2960 1238 2990 ruerit
1257 2958 1379 3003 gloria
1400 2957 1501 2992 mai.
1523 2957 1581 2993 Sic
1599 2958 1698 2993 euim
1719 2958 1780 2995 illa
1798 2960 1915 3007 gloria
1933 2960 2020 2997 dum
2041 2975 2117 2998 nou

1123 3022 1301 3062 apparet,
1336 3014 1475 3063 pascit3
1500 3016 1615 3052 reficit
1641 3016 1731 3053 dum
1768 3019 1966 3055 revelatur.
1998 3020 2118 3068 Hujus

1123 3072 1304 3120 siquidem
1327 3073 1454 3120 glorian
1480 3075 1658 3111 revelatio
1678 3077 1810 3126 plena,
1829 3079 1918 3127 quid
1943 3088 1996 3114 est
2011 3108 2019 3119 ,
2049 3080 2116 3115 nisi

1123 3131 1303 3179 sapientia
1327 3134 1441 3168 vera?
1461 3137 1551 3180 Qua·
1573 3148 1641 3171 nos
1663 3135 1708 3171 ad
1730 3149 1768 3171 se
1791 3137 1906 3185 ipsam
1931 3137 2116 3173 edendum

120 3259 126 3273 ¹
148 3252 358 3291 Ezeeli.u,(·1.
378 3273 416 3277 --
438 3259 448 3273 ²
467 3253 580 3286 Manli.
596 3265 634 3291 x,
664 3258 714 3286 16,
732 3273 767 3277 —
795 3252 808 3276 3
823 3254 924 3285 Galat.
941 3266 970 3292 v,
995 3259 1048 3286 25».
1078 3274 1101 3277 —
1131 3257 1143 3281 *¹
1161 3257 1237 3288 I‘sal.
1255 3270 1327 3296 xvi,
1357 3262 1406 3289 liv.
