2418 3949
137 221 233 261 1017

792 225 852 260 ΕΤ
880 221 1325 260 RESURRECTIONEM
1353 225 1539 261 DOMINI.

189 298 247 335 17.
273 302 368 336 Ecce
389 298 518 335 infelix
539 298 698 348 qualiter
717 307 922 336 excaecatus
943 301 1018 336 est!
1040 312 1121 335 ma·—
1131 297 1163 316 ⁵⁰

2093 227 2191 265 1018

1167 297 1334 336 ⁹octavae
1356 301 1562 346 conscribi,
1589 301 1653 350 qui
1673 314 1853 339 numerus
1873 310 2020 339 tantum
2043 303 2081 340 in
2109 318 2193 342 arca

133 358 204 394 luit
222 371 260 394 se
280 358 404 408 ipsum
424 358 604 408 perdere,
631 371 742 408 quam
773 358 948 395 denarios
978 357 1125 407 perire3
1144 360 1177 394 A
1192 359 1354 397 salvatus
1376 369 1442 397 est.
1470 361 1652 398 Introduc
1679 371 1716 398 et
1744 375 1815 399 nos
1837 362 1883 399 ad
1910 371 1944 399 te
1968 376 2037 413 per
2052 365 2191 401 ostium

132 418 306 454 denarios
321 419 482 468 templo,
500 431 538 455 se
553 418 676 468 ipsum
688 419 823 468 laqueo
837 418 979 454 addixit
997 432 1004 453 :
1023 430 1125 454 ama-

131 477 197 514 bat
216 477 383 515 haeredes
403 470 508 524 suos,
527 478 592 527 qui
616 478 769 515 eosdem
797 477 972 514 denarios
990 476 1126 513 exinde

132 538 367 587 colligerent,
388 538 453 587 qui
473 537 585 574 etiam
607 545 800 574 reservant
823 550 888 574 eos
903 537 942 573 in
962 549 1027 574 sua
1046 549 1129 573 cor-

132 597 245 635 bona.
262 597 427 646 Projecit
444 610 509 634 eos
531 598 570 634 in
593 597 735 646 templo
749 625 758 641 ‚
786 605 823 633 et
840 596 970 634 abiens
990 597 1128 645 laqueo

134 670 172 693 sc
202 657 409 707 suspendit.
437 660 518 693 Jam
545 655 699 705 quidem
729 655 792 692 diu
821 655 925 704 quod
942 669 962 691 a
981 655 1129 693 Christo

134 715 297 762 abierat,
318 725 355 752 et
374 716 540 752 avaritiae
562 716 697 764 laqueo
717 728 755 751 se
775 714 1023 764 suspenderat
1042 712 1130 750 :sed

133 775 237 825 quod
265 776 402 812 fecerat
417 775 456 811 in
476 775 645 820 occulto,
666 775 790 823 palam
817 773 994 809 omnibus
1013 772 1128 808 inno—

135 836 218 871 tuit.
242 834 448 871 Exterioris
463 847 584 882 poenae
598 833 757 882 qualitas
776 832 951 882 supplicii
970 831 1126 868 modum

131 894 300 943 aperuit3
332 893 420 942 quia
447 905 515 942 per
545 906 628 942 quae
656 892 868 942 peccaverit
894 891 1031 936 homo,
1057 903 1127 940 per

131 953 212 989 haec
242 961 279 989 et
304 953 496 1002 punietur.
526 954 736 1001 Suspensus
763 951 909 1001 crepuit
940 950 1086 987 medius
1115 964 1123 986 :

131 1012 266 1062 plenus
283 1020 364 1048 erat
381 1019 515 1048 venter
532 1040 542 1057 ‚
559 1019 597 1047 et
616 1019 749 1061 ruptus
773 1019 828 1047 est
849 1018 950 1056 uter;
979 1009 1127 1060 crepuit

1189 420 1317 457 lateris
1349 421 1422 466 tui,
1442 421 1544 470 quod
1576 430 1632 458 est
1660 422 1752 459 fides
1775 423 1969 469 Ecclesiae,
1990 432 2027 460 et
2058 424 2190 461 claude

1191 478 1327 515 ostium
1353 493 1373 515 a
1396 479 1506 525 foris,
1530 480 1651 517 donec
1674 489 1910 531 pertranseat
1935 482 2130 531 iniquitas,
2153 492 2191 520 et

1193 545 1359 574 cessante
1390 537 1533 574 diluvio
1556 539 1693 576 iterum
1725 539 1834 576 nobis
1859 541 2004 590 aperias
2029 542 2188 589 ostium,

1193 609 1271 633 non
1296 595 1374 645 jam
1396 597 1504 643 fidei,
1522 598 1586 635 sed
1612 599 1692 648 spei
1717 599 1853 635 ostium
1879 608 2010 637 contra
2031 601 2188 648 ostium,

1195 655 1298 704 quod
1338 655 1376 691 in
1411 657 1550 693 montis
1583 657 1742 693 aedificio
1776 659 1960 695 Ezechieli
1993 660 2189 710 prophetae

1196 722 1445 750 monstratum
1473 723 1528 751 est
1539 712 1566 751 3.
1593 717 1749 752 Interim
1780 724 1904 753 tamen
1930 725 1967 753 et
1988 718 2189 755 fenestram

1195 771 1310 809 habes
1329 772 1366 809 in
1387 786 1489 819 arca,
1507 787 1576 823 per
1591 787 1704 823 quam
1722 774 1881 812 dilectus
1901 776 2016 812 mittit
2034 789 2189 813 manum

1192 845 1319 878 suam,
1342 841 1379 868 et
1410 833 1624 870 columbam
1656 847 1761 870 suam
1788 835 1936 871 excitat.
1969 838 2103 884 Surge,
2129 837 2190 873 in-

1192 891 1478 940 quiens‚amt'ca
1492 906 1590 937 mea,
1604 898 1768 941 speciosa
1784 907 1886 938 mea,
1902 894 2070 930 columba
2081 909 2185 939 mea,

1192 959 1226 985 et
1242 951 1368 987 veniss.
1384 955 1430 988 Et
1447 965 1532 988 cum
1551 952 1675 988 evolat
1694 961 1780 1001 post
1799 961 1833 989 te
1845 982 1854 999 ‚
1873 962 1913 990 ut
1930 955 2190 1004 apprehendat

1192 1017 1247 1054 te,
1270 1018 1310 1046 tu
1342 1010 1476 1060 effugis
1502 1019 1538 1047 et
1565 1011 1734 1047 ascendis
1759 1024 1874 1061 super
1903 1012 2128 1059 Cherubim,
2152 1022 2190 1050 et

133 1071 297 1117 medius,
314 1071 378 1108 ubi
396 1071 502 1108 sedes
517 1079 597 1108 erat
614 1079 764 1108 satanae.
783 1069 937 1119 Crepuit
957 1082 1045 1120 ergo
1058 1081 1124 1106 vas
1143 1068 1170 1102 B
1191 1069 1295 1105 volas
1316 1082 1430 1118 super
1450 1082 1594 1119 pennas
1615 1078 1835 1116 ventorum3
1851 1078 1893 1106 ut
1918 1083 1995 1106 non
2020 1071 2189 1107 inveniat

132 1132 392 1178 contumeliae,
416 1132 595 1182 quianon
617 1139 697 1168 erat
716 1131 762 1167 de
781 1130 879 1167 vasis
900 1130 1023 1179 figuli,
1044 1143 1127 1179 quae

131 1190 345 1240 probantur
366 1190 404 1226 in
426 1191 591 1227 fornace.
612 1193 775 1239 Propter
793 1188 896 1238 quod
917 1189 956 1224 in
972 1201 1061 1237 agro
1081 1189 1128 1224 fi-

131 1250 238 1297 guli,
267 1250 306 1286 in
336 1249 529 1299 sepultura
557 1248 846 1298 peregrinorum
879 1255 1018 1284 sortem
1050 1260 1126 1283 non

132 1307 284 1354 habuit,
301 1308 367 1344 sed
385 1308 488 1344 velut
508 1316 602 1345 testa
621 1308 808 1358 crepitans
823 1320 893 1357 per
914 1307 1024 1343 inane
1048 1307 1126 1343 dis-

131 1368 233 1404 sitiit.
257 1370 308 1403 Et
326 1365 467 1416 dtfficsa
491 1376 577 1403 sunt
594 1371 718 1402 onmia
744 1371 892 1403 viscera
916 1371 995 1412 ejus
1012 1372 1035 1400 ¹.
1057 1369 1128 1402 Pe-

132 1429 241 1464 cunia
270 1428 413 1464 viscera
434 1436 521 1464 sunt
547 1427 678 1472 avari3
706 1426 770 1462 illa
796 1425 1064 1462 diffunduntur
1091 1433 1127 1461 et

132 1487 366 1536 perduntur,
398 1486 464 1523 sed
492 1486 564 1522 viri
592 1484 859 1521 misericordiae
883 1484 1124 1533 colliguntur.

132 1546 276 1583 Pendet
291 1546 413 1582 adhuc
431 1545 547 1583 Judas
566 1553 603 1581 et
625 1544 793 1582 Absalon
812 1557 881 1593 per
900 1556 1046 1580 comam
1063 1556 1126 1579 ca-

131 1606 240 1655 pitis,
267 1614 305 1642 et
333 1606 458 1642 mulus
486 1605 545 1642 cui
574 1604 722 1642 sederat
750 1603 966 1654 pertransit.
1003 1603 1127 1640 Nolite

134 1665 215 1702 fieri
234 1666 331 1702 sicut
350 1677 469 1715 equus
489 1673 525 1701 et
541 1665 666 1701 mulus
679 1693 688 1711 ‚
705 1665 795 1713 quia
810 1663 974 1700 mundus
995 1663 1128 1700 transit

131 1733 169 1761 et
184 1725 489 1775 concupiscentia
505 1724 596 1774 ejus.
613 1724 732 1762 Crinis
752 1723 917 1761 Absalon
930 1751 940 1768 ,
959 1736 1034 1772 quo
1050 1735 1130 1759 sus·

132 1785 330 1835 penditur,
351 1784 458 1821 radix
475 1785 646 1821 omnium
668 1784 853 1820 malorum
870 1783 1025 1819 avaritia
1044 1790 1100 1819 est
1118 1797 1125 1818 :

1191 1141 1259 1178 pes
1287 1127 1472 1164 columbae
1494 1136 1567 1164 tuae
1597 1128 1758 1164 solidum
1784 1128 1874 1177 quid
1896 1128 1942 1165 de
1962 1138 2018 1175 te,
2041 1129 2106 1166 ubi
2130 1144 2190 1166 re-

1193 1187 1378 1237 quiescat,
1402 1187 1473 1224 nisi
1504 1187 1642 1223 iterum
1673 1187 1720 1223 ad
1753 1200 1878 1224 arcam
1904 1196 2132 1235 revertatur,
2154 1198 2190 1225 ct

1194 1255 1233 1283 tu
1254 1260 1369 1284 manu
1392 1246 1667 1297 apprehensam
1690 1246 1827 1283 iterum
1849 1246 1887 1283 in
1910 1260 1975 1283 sua
1996 1248 2190 1284 mansiun-

1192 1307 1276 1343 cula
1294 1319 1468 1356 reponas.
1490 1306 1622 1343 Melius
1640 1314 1697 1343 est
1715 1306 1815 1342 enim
1835 1307 1873 1342 in
1892 1315 2007 1357 portu
2027 1308 2113 1344 fidei
2130 1309 2190 1345 in-

1194 1367 1302 1403 terim
1324 1366 1534 1416 praestolari
1552 1373 1588 1402 et
1606 1366 1799 1415 quiescere
1814 1393 1823 1410 ‚
1842 1379 1955 1415 quam
1976 1375 2010 1403 te
2029 1368 2138 1404 nimis
2153 1376 2190 1404 et

1193 1426 1331 1462 frustra
1360 1424 1617 1474 insequendo,
1652 1425 1690 1461 in
1719 1438 1834 1474 aquas
1866 1425 1996 1462 diluvii
2023 1427 2190 1463 intrans-

1193 1484 1371 1522 meabiles
1385 1484 1557 1521 decidere
1571 1492 1609 1520 et
1625 1483 1828 1533 submergi.
1841 1487 1958 1534 Aquae
1972 1486 2070 1522 enim
2085 1515 2094 1532 ‚
2106 1499 2190 1536 quae

1193 1558 1213 1581 a
1244 1544 1377 1581 dextro
1410 1544 1540 1594 templi
1572 1545 1687 1580 latere
1716 1543 1896 1589 effluunt,
1928 1545 2028 1581 mille
2060 1559 2191 1595 passus

1193 1612 1418 1640 mensurata?
1434 1616 1553 1652 usque
1568 1602 1615 1639 ad
1633 1603 1727 1639 talos
1745 1603 1927 1649 veniunt,
1945 1612 1981 1639 et
2001 1613 2084 1654 post
2100 1606 2192 1642 alios

1193 1663 1294 1699 mille
1323 1675 1456 1713 passus
1480 1675 1600 1711 usque
1627 1662 1673 1699 ad
1703 1675 1842 1711 genua,
1864 1663 2077 1713 iterumque
2107 1673 2193 1714 post

1193 1722 1285 1758 alios
1306 1722 1407 1758 mille
1427 1734 1546 1771 usque
1563 1721 1608 1758 ad
1626 1734 1735 1757 renes
1752 1721 1973 1758 ascendunt.
1996 1726 2084 1759 Post
2099 1723 2192 1760 alios

1193 1790 1318 1818 autem
1346 1781 1448 1817 mille
1476 1793 1606 1831 passus
1628 1780 1668 1816 in
1698 1788 1844 1817 tantum
1872 1782 2004 1818 crescit
2026 1790 2062 1818 et
2092 1782 2192 1819 intu-

130 1844 195 1882 ubi
216 1845 295 1882 haec
311 1844 555 1888 radicaverit,
573 1844 743 1881 omnium
762 1844 945 1880 malorum
962 1843 1130 1880 caesaries
1146 1842 1172 1879 C
1193 1841 1323 1877 mescit
1342 1840 1503 1886 fluvius,
1531 1849 1573 1877 ut
1596 1840 1830 1877 transvadari
1860 1853 1936 1877 non
1967 1842 2105 1890 possit,
2125 1842 2191 1878 sed

132 1904 352 1942 abundabit.
373 1905 500 1942 Mulus
513 1917 605 1940 vero
624 1917 671 1940 ex
687 1917 785 1953 equo
803 1912 839 1940 et
857 1903 960 1940 asino
978 1903 1129 1949 mixtus,

132 1965 273 2015 duplex
296 1973 352 2001 est
371 1965 541 2010 animus,
563 1964 627 2013 qui
651 1965 740 2000 foris
763 1972 926 2000 ostentat
949 1962 1053 2013 quod
1076 1963 1130 1999 in-

133 2032 192 2061 tus
210 2037 286 2060 non
307 2032 443 2060 servat.
460 2023 558 2060 Talis
580 2032 660 2060 erat
676 2024 792 2061 Judas
808 2052 817 2069 ‚
844 2024 927 2060 talis
947 2022 1127 2059 Absalon.

131 2084 238 2121 Foris
255 2083 391 2133 pietas,
408 2083 507 2119 intus
523 2083 664 2120 malitia
677 2112 686 2128 ‚
710 2083 850 2133 duplex
865 2091 921 2119 est
937 2082 1125 2131 iniquitas.

131 2147 261 2193 Equus
280 2143 473 2180 manifeste
494 2151 632 2188 tumet,
661 2143 787 2179 asinus
807 2142 1026 2191 simpliciter
1048 2155 1128 2178 am-

131 2204 259 2247 bulat,
290 2203 414 2239 mulus
443 2215 605 2252 nequam
629 2210 666 2238 et
685 2201 912 2239 subdolosus
936 2201 1127 2238 incautum

132 2263 355 2313 praecipitat.

467 2379 642 2417 CAPUT
671 2378 786 2418 VIII.

386 2504 434 2533 De
452 2501 613 2544 apertione
625 2500 728 2532 lateris
746 2499 870 2532 Christi.

1196 1907 1371 1949 oporteat
1396 1908 1498 1936 retro
1528 1900 1655 1948 potius
1684 1899 1808 1936 redire
1829 1899 1874 1935 ad
1898 1900 2060 1936 solidum
2087 1901 2191 1950 ripae.

1194 1958 1284 1995 Ideo
1317 1967 1443 1995 sancta
1472 1959 1644 1995 animalia
1674 1958 1780 1995 ibant
1805 1967 1842 1995 et
1873 1958 2188 1996 revertebantur:

1196 2017 1371 2055 columba
1406 2031 1560 2068 quoque
1597 2032 1682 2055 cum
1711 2031 1790 2055 non
1813 2018 2002 2055 inveniret
2037 2018 2099 2055 ubi
2127 2032 2193 2069 pes

1195 2077 1277 2127 ejus
1298 2078 1571 2127 requiesceret,
1589 2078 1634 2114 ad
1657 2091 1778 2114 arcam
1801 2091 1950 2115 reversa
1970 2087 2037 2114 est.
2057 2084 2105 2115 At
2121 2092 2192 2115 ve-

1194 2151 1237 2174 ro
1268 2150 1404 2174 corvus
1435 2138 1547 2173 semel
1575 2138 1731 2174 emissus
1766 2138 1882 2174 nescit
1914 2138 2071 2184 reverti,
2104 2139 2193 2187 quia

1194 2210 1271 2233 non
1302 2196 1464 2246 simplici
1493 2197 1604 2233 oculo
1633 2196 1817 2233 mundum
1847 2197 2068 2246 insequens,
2086 2198 2194 2234 vani-

1196 2257 1280 2294 tatis
1307 2257 1451 2293 diluvio
1483 2256 1716 2306 interceptus
1747 2265 1814 2293 est.
1842 2260 1888 2293 Et
1914 2257 2061 2293 merito.
2095 2256 2194 2304 Quid

1196 2317 1296 2353 enim
1328 2314 1513 2353 columbae
1535 2324 1571 2351 et
1592 2317 1730 2352 corvo?
1749 2315 1841 2364 quid
1867 2315 2038 2351 candidae
2065 2324 2103 2352 et
2131 2316 2193 2351 ni-

1194 2378 1288 2425 gro?
1317 2376 1408 2425 quid
1441 2375 1549 2413 Judae
1584 2384 1621 2411 et
1655 2375 1818 2411 Joanni?
1853 2375 1942 2424 quid
1977 2375 2124 2412 Christo
2157 2383 2194 2411 et

1193 2435 1331 2472 Belial?
1352 2439 1397 2472 Et
1417 2443 1542 2471 tamen
1563 2434 1731 2472 Christus
1751 2435 1849 2470 inter
1868 2433 2003 2471 Judam
2021 2443 2058 2470 et
2076 2438 2194 2471 Joan-

1194 2510 1280 2534 nem
1307 2496 1412 2533 sedet
1433 2495 1599 2540 medius,
1622 2496 1722 2531 inter
1742 2495 1902 2537 electum
1929 2503 1966 2531 et
1986 2494 2193 2545 reprobum

1193 2557 1380 2593 latronem
1406 2555 1552 2593 medius
1574 2554 1733 2605 pendet,
1753 2564 1789 2591 et
1808 2558 1889 2591 Noe
1918 2555 2016 2591 inter
2035 2569 2192 2592 corvum

190 2624 246 2660 18.
265 2622 377 2672 Aperi
392 2620 501 2657 nobis
514 2649 523 2666 ,
541 2621 703 2658 Domine
717 2648 726 2664 ,
743 2619 846 2669 aperi
865 2617 973 2654 nobis
987 2617 1125 2654 ostium
1147 2618 1179 2651 D
1196 2625 1232 2653 et
1249 2615 1477 2653 columbam.
1501 2614 1572 2653 Sed
1587 2627 1724 2651 corvus
1743 2614 1857 2650 semel
1873 2615 2029 2650 emissus
2047 2627 2122 2650 non
2141 2623 2197 2650 est

133 2682 258 2719 lateris
279 2682 353 2727 tui,
374 2680 476 2730 quod
499 2688 554 2716 est
577 2680 613 2715 in
631 2692 716 2715 arca
737 2687 820 2724 tua,
851 2686 890 2714 ut
910 2677 1127 2714 introducas

134 2755 202 2778 nos
219 2754 303 2778 cum
318 2739 467 2777 mundis
483 2738 706 2776 animalibus
717 2767 725 2783 ‚
742 2746 896 2787 septena
911 2746 947 2773 et
960 2745 1125 2786 septena.

133 2806 185 2839 Tu
217 2815 255 2838 es
285 2801 385 2837 euim
415 2812 526 2836 verus
556 2803 656 2844 Noe,
686 2810 798 2847 quem
825 2797 947 2834 solum
985 2797 1129 2833 invenit

132 2866 234 2899 Deus
253 2869 360 2911 pater
384 2868 469 2896 tuus
487 2859 631 2908 justum
652 2871 777 2894 coram
799 2870 849 2893 se.
872 2859 944 2892 Hic
968 2865 1040 2900 est,
1063 2856 1126 2891 in-

133 2922 237 2972 quit,
259 2923 380 2957 Filias
400 2932 500 2955 meus
519 2921 690 2962 dilectas,
709 2923 747 2952 in
769 2931 839 2965 quo
860 2916 950 2951 mihi
966 2918 1130 2963 compla-

134 2987 195 3018 cui
210 2988 234 3018 ².
262 2984 316 3017 Tu
338 2979 532 3029 cognoscis
555 2991 645 3014 oves
672 2986 773 3022 tuas,
794 2985 832 3012 et
858 2976 931 3012 illae
954 2984 988 3011 te
1009 2988 1128 3024 agno-

134 3049 243 3079 scunt
271 3055 278 3077 :
305 3040 391 3090 quia
422 3047 509 3075 sunt
539 3038 712 3074 animalia
743 3035 883 3073 munda
911 3043 1064 3084 septena
1093 3042 1129 3070 et

135 3109 308 3151 septena,
325 3098 390 3148 qui
405 3097 613 3147 septiformi
630 3096 748 3146 gratia
765 3104 801 3132 et
819 3093 998 3145 operibus
1015 3093 1107 3129 lucis
1119 3121 1128 3137 ,

135 3159 333 3197 sabbatum
362 3171 408 3195 ex
442 3155 598 3195 sabbato
631 3156 779 3206 adepti,
800 3154 878 3204 jam
908 3153 1009 3203 digni
1042 3160 1130 3189 sunt

1194 2688 1384 2720 reversus,
1401 2675 1488 2723 quia
1507 2673 1622 2711 Judas
1640 2686 1812 2722 egressus
1832 2672 1869 2708 in
1890 2685 1974 2709 aera
1989 2702 1997 2718 ‚
2020 2672 2193 2710 submer-

1194 2749 1256 2772 sus
1276 2743 1343 2771 est.

1254 2796 1308 2831 19.
1339 2792 1408 2830 Sed
1440 2792 1531 2841 quid
1558 2800 1630 2838 est,
1653 2804 1676 2827 o
1697 2791 1881 2836 Domine,
1899 2791 2001 2840 quod
2029 2804 2125 2827 unus
2145 2804 2191 2827 cx

1195 2852 1410 2897 militibus-²,
1433 2851 1501 2887 nisi
1526 2851 1620 2887 forte
1646 2851 1707 2886 ille
1729 2850 1793 2899 qui
1818 2851 1982 2886 tunicam
2010 2859 2110 2886 tuam
2131 2850 2193 2886 in-

1195 2912 1416 2949 consutilem
1439 2910 1534 2946 sorte
1554 2911 1822 2959 accepit?1psa
1837 2918 1890 2946 cst
1912 2911 2087 2946 nimirum
2108 2911 2193 2946 uui*

1196 2980 1250 3008 tas
1279 2970 1568 3017 lidelium,quae
1599 2968 1663 3004 tibi
1693 2969 1762 3004 soli
1792 2969 1946 3013 militat,
1970 2968 2077 3016 cujus
2108 2969 2192 3004 lau-

1195 3044 1257 3067 σοι·
1279 3028 1557 3078 praedicationis
1577 3028 1671 3064 latus
1693 3036 1797 3064 tuum
1819 3028 1978 3078 aperuit.
2002 3029 2117 3064 Vivus
2137 3036 2191 3064 est

1195 3090 1294 3126 cuim
1310 3101 1434 3124 sermo
1452 3088 1517 3124 l)ci
1534 3095 1569 3122 ct
1587 3087 1737 3131 efficax,
1752 3096 1788 3123 ct
1805 3086 2075 3137 penetrabilior
2088 3087 2191 3122 omui

1196 3147 1320 3198 gladio
1340 3146 1493 3195 ancipiti
1506 3145 1531 3182 ⁵.
1551 3148 1639 3182 llaec
1658 3154 1713 3181 cst
1730 3146 1790 3182 illa
1809 3146 1956 3191 laneca,
1980 3158 2091 3196 quam
2116 3148 2193 3181 lla-

187 3294 195 3309 ¹
216 3290 330 3324 Act.1,
355 3288 405 3317 18.
423 3304 464 3308 —
484 3283 838 3319 ²Mauh.111,17.—
857 3280 870 3303 3
886 3280 997 3314 Ezech.
1017 3292 1078 3316 xi..
1104 3283 1155 3312 13.
1172 3297 1215 3302 -
1239 3277 1252 3304 ⁴
1271 3276 1388 3309 cantic.
1405 3287 1449 3313 ιι,
1471 3277 1510 3307 13
1526 3298 1534 3313 ,
1558 3276 1609 3306 Η.
1630 3294 1673 3297 -
1694 3272 1957 3309 ⁵}1cbr.1v,12.

183 3351 197 3367 ⁰
215 3345 273 3377 uic
290 3343 404 3385 aliquid
420 3343 517 3374 deest.
