2504 3928
336 190 411 226 923

953 192 1077 227 vlTls
1106 193 1333 236 MYSTICA,
1363 192 1453 228 SEU
1482 193 1764 229 TRACTATUS

334 270 446 306 initus
468 271 581 303 livam
609 265 790 313 virginem
820 264 950 301 leviter
974 267 1253 316 supplantavit,
1280 269 1359 303 se⁴¹⁵

2300 193 2373 230 924

1364 268 1466 303 ‘'non
1496 268 1558 304 sic.
1583 271 1713 317 Neque
1734 269 1833 305 enim
1865 281 2030 317 unquam
2054 268 2281 314 morientur,
2303 284 2375 307 un-

336 328 449 365 modo
471 327 557 375 jure
584 325 707 360 doleat
728 338 746 360 a
775 325 1007 374 virgunculis
1034 327 1229 376 utriusque
1256 342 1315 364 se-
1334 330 1361 361 Α
1383 339 1494 374 quam
1514 327 1750 372 amittentur;
1779 327 1853 363 imo
1871 339 2019 376 semper
2038 327 2115 363 sive
2132 328 2373 375 morientem,

336 401 405 424 xus
425 386 532 422 toties
553 384 797 432 supplantari.
820 384 911 420 Vide
931 397 1019 433 crgo
1034 394 1070 421 et
1091 387 1269 435 prawide,
1287 395 1321 422 et

337 458 506 496 praecave
529 456 674 479 vermes
696 442 761 478 tibi
783 442 998 479 insidiantes
1012 473 1021 489 ,
1042 445 1147 493 virgo
1173 446 1319 482 Christi.

336 511 428 544 Cum
464 504 563 540 enim
592 516 864 552 nonnunquam
893 505 1066 552 cogitaris
1093 513 1126 540 te
1156 505 1200 540 ad
1232 519 1321 554 per-

337 566 468 601 fectam
495 572 671 599 staturam
700 563 789 598 casti
811 563 874 598 lilii
899 572 959 599 aut
986 565 1200 613 pervenisse
1219 564 1320 612 jam,

336 633 399 662 aut
416 624 517 660 l'aeile
535 630 824 671 perventurum3
840 632 972 659 excute
989 637 1030 660 ac.
1048 624 1191 674 depelle
1208 624 1273 660 ahs
1289 633 1322 660 te

335 695 481 720 vermes
501 683 588 717 istos
604 681 882 729 suggestionum
905 682 1101 718 noxiarum
1118 711 1126 725 ‚
1144 691 1179 718 et
1202 683 1322 718 immi-

335 743 504 780 nentium
521 749 654 777 trunco
671 740 810 789 pariter
823 749 859 777 et
875 741 988 777 radici
1007 742 1058 778 tui
1077 742 1158 786 lilii,
1180 741 1322 790 tibique

335 816 403 852 per
425 800 698 849 suggestionem
717 798 921 836 dicentium
938 814 946 836 z
968 800 1066 847 Quid
1085 801 1189 849 agis?
1204 814 1322 849 quor-

336 875 417 898 sum
436 859 663 896 deflecteris?
677 858 868 906 Numquid
888 858 1235 906 ssoremjuventutis
1253 868 1322 895 tuae

335 921 392 956 vis
409 919 669 966 exstinguere?
691 917 873 965 numquid
891 917 1125 954 dulcedinem
1146 918 1323 954 maritalis

337 980 481 1030 copulae
515 991 591 1014 non
613 977 839 1026 experieris?
860 977 1042 1026 numquid
1062 978 1160 1014 filios
1179 977 1322 1013 charis-

337 1040 450 1076 simos
466 1046 502 1073 et
525 1037 616 1072 lilias
636 1036 754 1072 solatii
773 1036 839 1081 tui,
861 1045 896 1072 et
915 1038 1133 1086 superstites
1148 1038 1233 1073 vitae
1252 1045 1324 1073 tuae
1345 1037 1372 1071 B

338 1112 413 1137 non
444 1096 623 1133 habebis?
654 1095 838 1144 numquid
869 1096 1126 1132 ministrorum
1158 1096 1323 1132 lidelium

335 1156 490 1196 servitio
511 1153 675 1192 carebis?
691 1155 852 1190 Stultum
873 1163 928 1192 est
945 1155 1014 1191 iter
1029 1155 1130 1204 quod
1150 1155 1324 1204 aggrede-

336 1218 385 1255 ris
414 1231 421 1252 :
453 1215 597 1252 imitare
628 1221 802 1263 parentes
829 1222 912 1249 tuos
939 1214 1003 1262 qui
1035 1222 1070 1249 tc
1096 1222 1318 1262 genuerunt.

336 1276 456 1324 Gigne
477 1282 514 1310 et
540 1281 579 1308 tu
604 1272 721 1316 lilios,
752 1279 789 1307 et
814 1271 1020 1308 secundum
1048 1272 1322 1308 institutionem

335 1334 562 1372 dominicam
585 1330 760 1379 conjugio
788 1331 933 1376 fruere,
955 1330 1021 1379 qui
1048 1330 1094 1366 de
1114 1330 1325 1379 virginibus

336 1400 566 1444 praeceptum
588 1403 663 1425 non
685 1388 800 1425 dedit.

391 1452 450 1489 79.
472 1448 644 1487 Insidiosi
662 1460 807 1483 vermes
824 1456 910 1483 sunt
929 1447 982 1493 hi,
1005 1461 1027 1483 o
1045 1450 1150 1497 virgo
1167 1448 1325 1494 Christi,

334 1512 372 1547 in
391 1521 552 1559 quorum
575 1507 703 1543 faciem
723 1506 1010 1555 conspuendum
1031 1515 1087 1543 est
1106 1505 1185 1542 tibi.
1207 1506 1243 1543 Si
1258 1507 1325 1543 hos

333 1569 521 1607 curaveris
542 1566 725 1612 evadere,
753 1565 967 1616 diligentius
992 1566 1139 1602 intuere
1169 1566 1253 1615 quis
1278 1566 1324 1602 sit

332 1634 441 1668 Jesus
461 1627 627 1666 Christus
641 1653 650 1670 ,
677 1639 699 1662 o
718 1625 841 1662 anima
864 1625 1075 1675 virginalis3
1095 1634 1223 1661 utrum
1241 1626 1322 1661 vir—

334 1703 402 1739 go,
422 1688 480 1724 vel
503 1685 744 1735 conjugatus,
767 1685 826 1721 cui
846 1685 1034 1735 Virginem
1052 1694 1207 1721 matrem
1224 1698 1324 1721 com-

334 1746 498 1792 miserit,
528 1757 639 1794 quem
662 1743 880 1780 familiarius
904 1743 1088 1780 dilexerit.
1112 1743 1210 1792 Quid
1230 1757 1325 1793 opus

1386 386 1463 421 sive
1482 386 1666 421 viventem
1686 394 1891 434 sequentur
1910 394 1963 430 te,
1988 385 2194 422 tuebuntur
2211 394 2245 422 te
2258 416 2267 432 ‚
2284 396 2320 422 et
2338 388 2374 423 in

1386 445 1498 480 vitam
1521 453 1696 481 :eternam
1727 445 1934 494 perducent
1962 453 2006 480 te.
2036 445 2143 481 Multi
2170 458 2259 494 ergo
2290 446 2374 492 lilii,

1387 511 1421 538 et
1439 503 1554 538 multo
1575 504 1746 539 meliores
1762 503 1931 548 desertae,
1953 502 1988 538 id
2005 511 2074 548 est,
2093 503 2255 553 virgines
2268 504 2378 541 Chri—

1388 562 1454 607 sti,
1487 562 1549 610 qui
1587 563 1632 598 ad
1665 576 1829 611 praesens
1864 562 1999 598 deserti
2030 562 2229 609 videntur,
2263 563 2377 612 magis

1387 635 1498 669 quam
1523 620 1603 668 ejus
1627 633 1710 669 quae
1737 620 1848 657 habet
1873 621 1995 656 virum
2018 621 2217 657 carnalem.
2241 622 2277 658 Si
2299 622 2378 658 haec

1387 687 1423 714 et
1441 680 1496 715 his
1516 679 1645 715 similia
1669 680 1883 728 frequenter
1906 679 1952 715 ad
1977 688 2139 716 mentem
2162 679 2374 726 reduxeris,

1388 738 1596 774 morientur
1616 739 1745 788 procul
1767 738 1883 776 dubio
1903 739 1939 775 in
1968 747 2002 774 te
2026 751 2170 775 vermes
2195 740 2375 776 malarum

1388 798 1687 847 suggestionum,
1717 811 1785 834 nec
1823 798 1868 834 ad
1899 797 2176 834 corrodendum
2203 806 2377 835 truncum

1388 856 1478 893 boni
1499 857 1682 907 propositi
1701 857 1767 903 tui,
1790 865 1915 894 tuente
1934 866 1968 893 te
1986 869 2126 907 sponso
2149 865 2229 904 tuo,
2251 858 2378 907 aliquo

1389 916 1502 953 modo
1520 915 1790 966 praevalebunt.

1703 1046 1877 1091 CAPUT
1907 1046 2057 1085 XXIV.

1414 1164 1461 1192 De
1483 1160 1673 1203 longitudine
1694 1160 1816 1198 trunci,
1838 1170 1891 1192 seu
1908 1160 1946 1190 de
1962 1160 2075 1191 virtute
2093 1158 2345 1201 longanimitatis,

1574 1220 1604 1245 et
1622 1213 1849 1257 perseverantia
1868 1213 1900 1244 in
1919 1213 2000 1244 bono
2022 1213 2191 1256 proposito.

1443 1334 1503 1371 80.
1527 1334 1742 1384 Longitudo
1765 1334 1886 1371 trunci
1907 1334 1944 1370 in
1965 1334 2066 1380 lilio,
2096 1347 2179 1383 quae
2202 1333 2239 1370 in
2262 1334 2379 1370 altum

1392 1401 1515 1429 erecta
1549 1402 1626 1438 est,
1662 1394 1838 1429 virtutem
1869 1393 2161 1441 longanimitatis
2193 1393 2379 1438 insinuat,

1393 1464 1477 1499 quae
1500 1464 1741 1500 perseverare
1765 1451 1981 1488 volentibus
2009 1465 2153 1488 summe
2174 1453 2381 1489 necessaria

1392 1518 1460 1546 cst.
1489 1510 1560 1546 Sed
1589 1510 1676 1559 quia
1705 1509 1751 1546 de
1780 1510 1920 1546 virtute
1949 1510 2241 1559 perseverantiae
2265 1523 2380 1560 supra

1389 1568 1427 1604 in
1449 1577 1607 1606 tractatu
1627 1569 1721 1605 sexti
1739 1569 1816 1605 solii
1836 1568 2008 1605 diffusius
2024 1569 2140 1605 locuti
2159 1582 2301 1615 sumus,
2318 1569 2381 1606 hie

1389 1626 1541 1664 brevius
1555 1627 1695 1677 aliquid
1712 1627 1889 1664 dicemus.
1905 1627 2063 1664 Videtur
2078 1635 2202 1665 autem
2217 1627 2295 1664 haec
2309 1628 2382 1663 vir-

1391 1695 1449 1723 tus
1468 1688 1671 1737 plurimum
1693 1686 1992 1723 commendanda
2009 1686 2047 1722 in
2063 1685 2291 1735 virginibus,
2307 1698 2384 1722 ma-

1389 1747 1487 1783 xime
1508 1759 1618 1783 sexus
1639 1745 1809 1791 feminei,
1827 1758 1986 1794 quarum
2009 1753 2082 1781 tam
2098 1745 2251 1791 animis,
2269 1757 2381 1794 quam

336 1815 390 1844 est
419 1805 570 1842 multis?
594 1804 708 1853 Virgo
735 1812 790 1840 est
812 1804 982 1841 Christus
1007 1807 1116 1840 Jesus
1144 1812 1253 1840 natus
1280 1804 1326 1840 de
1345 1808 1372 1844 C
1392 1805 1616 1855 corporibus
1635 1805 1806 1855 quaedam
1823 1804 2020 1840 infirmitas
2042 1812 2080 1840 et
2102 1803 2272 1840 debilitas
2293 1804 2379 1840 lon-

334 1866 486 1915 Virgine
499 1893 508 1908 ,
530 1876 642 1913 quam
660 1863 796 1912 virgini
814 1863 1094 1899 commendavit
1111 1863 1326 1912 purissimo,

333 1925 406 1960 hoc
431 1930 508 1967 est,
537 1921 646 1958 beato
670 1921 829 1966 Joanni,
857 1934 967 1971 quem
993 1921 1163 1971 specialis
1182 1935 1326 1971 praero-

335 1983 457 2035 gativa
484 1981 662 2018 castitatis
686 1981 859 2030 ampliori
888 1981 1088 2017 dilectione
1110 1981 1246 2017 fecerat
1267 1981 1326 2017 di-

333 2055 462 2092 gnum.
486 2040 554 2077 Hic
573 2043 679 2076 Jesus
699 2039 868 2076 Christus
887 2053 1047 2090 sponsus
1071 2047 1156 2076 tuus
1177 2039 1241 2076 tibi
1268 2053 1326 2076 se-

334 2101 507 2152 quendus
527 2100 653 2150 potius
687 2112 798 2148 quain
827 2107 1022 2149 parentes,
1050 2098 1079 2134 si
1107 2098 1165 2135 vis
1193 2099 1324 2135 ssorem

329 2161 536 2211 juvenilem
555 2159 686 2196 animae
705 2167 777 2195 tuae
796 2171 1031 2204 conservare,
1050 2158 1115 2208 qui
1132 2171 1324 2207 nunquam

333 2221 541 2258 veterascit.
562 2219 763 2268 Virginitas
779 2218 879 2254 enim
902 2231 1095 2266 nunquam
1113 2217 1271 2254 decidet.
1290 2219 1325 2255 Si

335 2289 459 2317 autem
490 2279 534 2314 de
562 2278 652 2313 flore
681 2278 868 2326 corporali
897 2277 952 2313 vis
983 2290 1112 2326 agere,
1143 2277 1327 2325 numquid

335 2352 413 2376 non
434 2338 551 2387 magis
572 2337 707 2372 llorent
727 2336 890 2384 virgines
907 2336 1033 2371 animo
1051 2336 1159 2371 simul
1181 2344 1216 2371 ct
1241 2349 1327 2371 cor-

335 2410 454 2449 pore,
485 2409 596 2445 quam
624 2395 685 2444 qui
713 2394 906 2443 corrupti?
933 2397 1014 2430 Imo
1043 2407 1134 2430 vero
1164 2394 1327 2442 virgines

337 2467 410 2494 tam
438 2457 476 2494 in
503 2468 686 2505 corpore,
715 2468 827 2503 quam
849 2455 884 2490 in
912 2455 1035 2490 anima
1063 2467 1149 2490 vere
1169 2454 1324 2498 florent,

335 2517 538 2566 singularia
564 2515 638 2551 lilia
663 2514 727 2550 lilii
752 2514 950 2563 singularis
971 2528 977 2549 :
996 2514 1081 2562 qui,
1112 2522 1152 2549 ut
1173 2513 1329 2549 lirmiter

1391 1865 1598 1914 ganimitati
1624 1865 1700 1901 sive
1734 1863 2021 1914 perseverantiae
2048 1863 2236 1899 contraria
2272 1871 2383 1899 natu-

1392 1923 1519 1959 raliter
1543 1931 1599 1960 est
1632 1923 1781 1959 inserta.
1815 1921 1886 1958 Sed
1916 1921 2138 1958 benedictus
2164 1925 2286 1967 Deus,
2316 1921 2381 1970 qui

1391 1981 1574 2018 hodierna
1599 1981 1658 2018 die
1688 1982 1797 2017 etiam
1828 1981 1976 2017 infirma
2009 1980 2141 2017 mundi
2168 1980 2302 2030 elegit,
2339 1988 2381 2017 ut

1391 2041 1598 2077 confundat
1630 2041 1760 2085 fortia,
1782 2048 1818 2076 et
1838 2039 1972 2076 animis
1997 2040 2302 2088 virguncularum
2324 2047 2383 2075 te-

1391 2100 1638 2136 nerrimarum
1663 2112 1700 2135 se
1723 2099 1844 2148 ipsum
1862 2098 2043 2148 proponit
2071 2097 2303 2134 defensorem
2316 2126 2325 2144 ,
2342 2105 2384 2134 ut

1390 2159 1488 2195 illius
1501 2159 1613 2209 primi
1630 2167 1667 2195 et
1682 2158 1872 2195 fortissimi
1889 2158 2136 2207 corruptoris,
2151 2157 2294 2206 antiqui
2306 2170 2385 2194 ser-

1391 2219 1514 2268 pentis
1533 2218 1617 2254 dico
1629 2247 1638 2264 ,
1654 2226 1767 2267 caput
1783 2217 1915 2263 elidat,
1931 2217 1995 2265 qui
2014 2216 2230 2253 humillimis
2250 2215 2385 2254 Christi

1392 2277 1600 2326 virginibus
1636 2276 1843 2313 insidiatur.
1886 2277 1976 2323 Quis
2013 2288 2111 2312 sanae
2143 2275 2278 2311 mentis
2309 2287 2386 2323 prae

1392 2336 1527 2385 gaudio
1544 2349 1619 2371 non
1640 2335 1799 2379 exsiliat,
1818 2348 1902 2370 cum
1914 2333 1990 2382 jam
2006 2342 2175 2382 tempora
2195 2340 2322 2368 nostra
2333 2339 2388 2368 tot

1392 2395 1519 2431 videat
1537 2394 1724 2444 virginum
1747 2394 1831 2429 liliis
1852 2392 2031 2437 redimiri,
2047 2399 2147 2427 tanta
2164 2389 2386 2426 fortitudine

1393 2468 1468 2490 non
1490 2467 1555 2490 sua
1569 2482 1578 2498 ,
1601 2453 1665 2489 sed
1687 2453 1813 2502 sponsi
1836 2453 1892 2489 sui
1912 2460 2043 2488 contra
2065 2451 2228 2487 furorem
2249 2449 2385 2486 draco-

1394 2514 1451 2550 nis
1481 2513 1605 2549 infesti
1635 2512 1791 2548 viriliter
1820 2508 2110 2555 dimicantibus,
2138 2517 2175 2545 et
2206 2507 2384 2557 triumphi

334 2590 463 2626 spero,
485 2575 574 2611 etin
595 2574 660 2609 hac
677 2574 824 2609 mortali
846 2574 921 2609 vita
939 2574 1015 2609 suis
1033 2574 1117 2609 liliis
1135 2572 1326 2609 abundan-
1345 2582 1376 2615 D
1394 2585 1573 2609 coronam
1600 2570 1858 2607 merentibus?

335 2637 422 2673 tiam
443 2648 518 2672 suae
543 2633 735 2670 suavitatis
754 2632 1006 2668 abundantius
1020 2661 1029 2678 ,
1050 2645 1161 2680 quam
1183 2632 1325 2668 caeteris

335 2703 501 2740 eructat,
524 2694 611 2742 quia
638 2694 673 2729 in
705 2693 761 2728 his
791 2692 1072 2728 similitudinem
1095 2704 1202 2728 suain
1225 2691 1326 2727 videt

335 2754 547 2791 distinctius
567 2764 795 2802 expressam.
820 2754 1067 2800 Quocumque
1089 2751 1187 2787 enim
1213 2750 1323 2787 Chri-

333 2823 412 2850 stus
452 2812 595 2862 pergit,
625 2811 788 2860 virgines
817 2819 1048 2860 sequuntur,
1082 2809 1323 2858 secundaeque

332 2875 446 2918 liunt,
464 2871 509 2907 de
527 2870 660 2920 spiritu
678 2869 794 2919 ipsius
810 2870 1066 2919 concipientes
1080 2869 1222 2906 bonum
1239 2883 1324 2919 pro-

333 2933 516 2982 positum,
546 2938 583 2966 et
611 2929 711 2965 bona
740 2943 855 2978 opera
882 2930 1088 2979 parientes,
1118 2942 1202 2978 quae
1227 2943 1325 2965 nun-

332 3004 444 3039 quam
465 2989 695 3032 moriuntur3
710 2988 805 3024 sicut
820 2989 1012 3037 generatio
1029 2997 1173 3024 terrena
1191 2988 1227 3024 in
1242 3001 1326 3038 pcc—

331 3058 414 3086 cato
431 3048 642 3097 concipitur
655 3075 665 3092 ,
686 3048 722 3082 in
742 3047 886 3083 tristitia
908 3048 1069 3097 paritur,
1088 3055 1124 3083 et
1141 3048 1326 3084 anxietate

331 3109 511 3153 nutritur,
530 3120 614 3143 cum
629 3106 760 3143 dolore
780 3107 927 3143 tandem
945 3107 1128 3143 amittitur
1145 3107 1202 3142 vel
1221 3106 1327 3143 dese-
1345 3139 1349 3142 .

334 3169 439 3208 ritur.
464 3171 545 3205 Non
567 3167 656 3203 tales
675 3175 784 3203 erunt
806 3167 871 3202 lilii
902 3167 974 3212 tui,
996 3180 1018 3203 o
1039 3166 1146 3216 virgo
1166 3166 1323 3211 Christi,

383 3302 394 3316 ³
417 3299 522 3327 norst.
543 3292 681 3324 odarum.
700 3294 725 3332 ἦ·

1444 2632 1504 2668 81.
1524 2630 1679 2668 Gaudeo
1696 2643 1765 2679 ego
1785 2630 1915 2679 plane,
1937 2641 2021 2665 cum
2037 2627 2115 2677 jam
2137 2640 2205 2663 nec
2225 2627 2263 2663 in
2294 2625 2384 2663 vicis

1392 2704 1460 2727 nec
1482 2691 1518 2727 in
1540 2689 1774 2733 civitatibus,
1794 2702 1861 2725 nec
1881 2689 1919 2724 in
1940 2688 2111 2724 claustris
2130 2687 2205 2723 lilia
2222 2687 2291 2724 ista
2318 2685 2383 2723 de-

1392 2751 1465 2787 sint
1479 2779 1487 2794 ,
1509 2751 1583 2786 imo
1599 2763 1682 2785 cum
1701 2757 1736 2785 et
1753 2749 1869 2785 multa
1883 2748 2028 2784 deserta
2042 2756 2078 2784 et
2093 2747 2192 2783 invia
2209 2746 2378 2783 claustris

1389 2808 1634 2858 virginalibus
1649 2809 1722 2845 sint
1737 2808 1948 2858 repleta,ita
1963 2815 2003 2843 ut
2013 2819 2101 2843 vere
2116 2806 2261 2842 dicatur
2275 2804 2379 2854 quod

1389 2869 1601 2917 germinent
1619 2868 1740 2917 campi
1758 2868 1893 2912 eremi,
1916 2879 2068 2916 germen
2094 2865 2248 2902 odorem
2262 2871 2276 2887 ³
2296 2868 2378 2902 Do-

1389 2928 1493 2964 mini.
1515 2928 1661 2964 Etenim
1682 2928 1889 2964 ascendunt
1904 2927 1950 2963 de
1970 2927 2119 2964 deserto
2138 2924 2378 2974 virgunculae,

1391 2987 1569 3023 virtutum
1593 2987 1734 3023 deliciis
1760 2987 1976 3031 affluentes,
2007 2986 2145 3022 innixae
2165 2997 2240 3020 non
2267 2996 2380 3032 super

1391 3059 1454 3092 se,
1478 3045 1542 3082 sed
1564 3058 1678 3095 super
1702 3046 1879 3082 dilectum
1903 3058 2034 3091 suum,
2056 3052 2093 3080 ct
2117 3042 2381 3092 longanimiter

1391 3114 1649 3155 exspectantes
1677 3118 1857 3155 sponsum
1891 3118 2021 3150 suum,
2049 3103 2200 3152 quando
2230 3102 2377 3139 veniat:

1393 3175 1435 3204 ut
1461 3180 1545 3203 cum
1571 3167 1713 3203 clamor
1734 3166 1851 3202 factus
1878 3164 2012 3211 fuerit,
2032 3171 2162 3213 aptent
2191 3161 2381 3211 lampades
