2504 3928
343 199 407 233 127

1110 196 1398 232 CILLtiutitrst
1429 197 1626 232 ΛΒΒΛΤΙδ1

2303 196 2376 232 128

334 273 422 308 nihil
451 272 701 313 occultatum,
724 270 813 305 nihil
845 270 1042 317 figuratum
1064 284 1070 306 :
1090 284 1221 307 aurum
1243 280 1315 317 cst,
1336 274 1367 290 ³⁸
1388 280 1595 319 argentvm,
1613 279 1648 306 et
1671 283 1845 307 ascensus
1866 284 2090 320 purpureus.
2116 275 2157 307 In
2183 271 2252 308 illis
2279 272 2377 321 sapis

331 341 367 367 et
387 333 518 380 fulgen
538 330 815 367 reclinatorium
837 338 912 374 est,
935 339 969 366 et
988 330 1106 375 l'ovct3
1128 331 1245 367 dulcis
1263 332 1318 366 l'o-
1339 333 1366 365 Α
1389 331 1546 366 lidclitcr
1567 345 1574 367 :

334 404 428 430 mes.
448 391 511 426 scd
535 391 622 425 hora
640 390 763 436 fugax.
784 392 826 424 lit
844 389 964 437 fulgor
982 389 1049 425 iste.
1068 390 1203 437 fulguri
1222 403 1321 426 com-

334 459 497 498 paratur.
530 453 568 485 lu
595 457 785 483 momento
807 449 865 491 lit,
890 448 925 483 in
950 448 1023 484 ictu
1051 449 1172 493 oculi,
1194 449 1228 484 in
1252 462 1321 484 no—

336 509 482 544 vissima
513 507 611 542 tuha.
635 507 838 543 Novissima
861 506 948 542 tuba
966 515 1043 550 cst,
1068 507 1220 556 quaudo
1246 520 1321 542 non

331 567 408 614 jam
431 567 465 601 in
490 566 641 614 pagina,
660 565 722 600 scd
743 565 777 600 in
798 565 875 614 ipsa
892 566 1090 614 pra‘scntia
1113 566 1323 611 innotescit3

336 625 489 673 quando
505 624 587 672 quis
602 624 761 660 cl'licitur
775 624 945 660 docibilis
966 625 1054 669 1)ci;
1074 625 1226 673 quando
1242 633 1325 674 post

344 684 605 732 Apostolorum
624 691 659 718 et
683 683 952 732 l‘roplwtarum
978 698 1170 720 sermones
1198 685 1325 720 novis-

337 743 428 778 sime
450 742 485 777 iu
508 755 546 777 se
567 742 648 790 ipso
667 742 731 778 Dci
755 743 864 779 Filius
889 743 1004 779 Patris
1020 743 1184 780 Verbum
1204 744 1324 791 loqui-

338 809 409 836 tur.
424 800 528 837 'l'uba
545 800 621 836 lia-c
639 801 750 836 nescit
771 801 952 837 incertum
969 815 1101 837 sonum
1118 801 1228 846 dare3
1249 814 1325 836 non

338 868 445 895 sonat
474 860 540 895 nisi
570 859 614 895 ad
650 860 942 904 solemnitatem,
960 861 1028 896 nisi
1050 861 1085 895 in
1104 860 1322 903 neomenia,

336 927 372 955 et
390 932 497 954 novar
517 918 607 953 lucis
628 917 796 954 exordio.

392 978 426 1012 5.
450 977 607 1012 Buccina
628 976 735 1012 nohis
755 986 810 1021 ιιι,
830 976 928 1013 bone
948 981 1054 1022 Jesu,
1075 977 1109 1012 in
1128 977 1325 1012 neomenia

1599 331 1632 366 iu
1653 330 1722 365 isto
1743 331 1857 366 sentis
1879 331 2079 367 humiliter.
2104 334 2145 367 In
2170 331 2241 367 illis
2261 331 2378 367 medi·

1388 391 1478 426 tatio
1505 403 1511 425 :
1541 389 1575 425 in
1603 390 1674 424 isto
1699 389 1868 425 imitatio.
1894 393 1975 426 Non
2005 391 2103 426 enim
2134 391 2170 426 in
2204 403 2378 427 sermone

1390 457 1531 484 tautum
1562 457 1616 483 est
1645 461 1800 496 regnum
1831 449 1918 491 Dei,
1940 448 2003 484 sed
2031 449 2067 484 in
2099 449 2248 485 virtute.
2279 449 2378 497 Quid

1390 516 1427 543 ιιι
1463 508 1541 542 istic
1571 507 1690 551 dices,
1723 506 1787 554 qui
1825 506 2122 543 humiliationem
2160 508 2376 543 servitutem

1391 568 1526 615 putas?
1547 566 1698 601 Scrrilis
1721 579 1796 601 non
1820 574 1874 601 cst
1889 594 1898 610 ,
1919 579 2030 614 quam
2054 566 2186 615 regalis
2206 566 2379 603 nobilitat

1391 637 1570 673 purpura.
1594 628 1864 660 Ornamentum
1886 633 1941 660 est
1965 625 2102 660 etenim
2125 638 2293 674 purpura
2315 638 2378 661 re-

1390 684 1502 731 gium.
1523 687 1600 719 llos
1621 684 1648 719 si
1672 692 1709 719 tu
1732 684 1788 719 vel
1811 683 2045 732 dedignaris,
2067 685 2125 719 vel
2147 684 2278 720 horres
2299 698 2380 733 gra-

1391 742 1481 787 dus,
1506 743 1646 791 respice
1680 742 1782 791 quod
1822 743 2004 791 purpurei
2047 751 2144 779 sunt.
2181 744 2379 780 Humilitas

1390 810 1559 850 suscepta
1586 815 1655 850 pro
1679 801 1844 846 Christo,
1873 802 2008 850 regiam
2036 803 2186 850 prsesert
2215 802 2379 852 dignita-

1392 867 1476 895 tem.
1507 863 1560 895 'l'u
1594 873 1702 905 vcro,
1727 873 1863 908 sponsa
1887 860 2040 904 Christi,
2059 860 2220 896 candido
2252 874 2380 909 preme

1391 919 1486 967 pede
1500 918 1636 967 gradus
1651 931 1875 967 purpureos.
1892 917 2035 954 tx'obilis
2049 927 2104 954 est
2121 919 2251 954 semita
2267 932 2378 968 <piam

1391 977 1546 1013 dilectus
1567 986 1652 1013 tuus
1675 978 1777 1026 prior
1799 977 1962 1013 incessit.
1987 981 2105 1024 Quam
2128 977 2270 1026 pulchri
2294 985 2381 1014 sunt

336 1035 442 1079 tuba,
469 1036 502 1070 in
529 1035 661 1082 insigni
694 1035 753 1070 die
782 1036 1026 1071 solemnitatis
1058 1044 1205 1071 nostr-¹1¹.
1232 1039 1325 1071 Vere
1345 1037 1370 1071 B
1391 1037 1527 1072 etenim
1545 1036 1681 1085 gradus
1700 1036 1900 1084 purpurei,
1921 1049 2015 1084 quos
2039 1036 2134 1085 pede
2155 1050 2261 1072 sacro
2279 1037 2382 1073 Chri-

336 1094 488 1143 insignis
506 1094 601 1138 dies,
622 1093 683 1129 ubi
702 1094 826 1130 divina
844 1093 1016 1142 majestas
1031 1107 1068 1129 sc
1087 1094 1297 1129 manifestat
1315 1108 1323 1130 ι

340 1154 430 1189 nihil
452 1153 654 1202 insignius,
679 1153 741 1188 scd
761 1153 810 1188 nil
833 1153 1069 1189 succinctius.
1093 1153 1198 1189 Diem
1217 1152 1293 1188 dixi
1315 1167 1322 1188 :

343 1212 433 1247 hora
455 1221 518 1247 cst.
541 1215 642 1247 llora
666 1225 752 1247 vere
777 1212 952 1260 insignis,
978 1221 1014 1247 et
1037 1225 1122 1247 vere
1139 1212 1326 1247 solemnis.

339 1275 471 1307 Eructa
494 1280 530 1306 tu
554 1270 661 1306 nobis
678 1298 687 1314 ,
715 1275 802 1307 Jesu
832 1270 952 1316 boue,
975 1272 1103 1306 aetcrni
1130 1271 1226 1306 illius
1251 1270 1323 1306 diei

332 1331 441 1366 horas
473 1331 628 1379 aliquas.
660 1331 766 1366 Diem
799 1331 901 1366 illum
933 1330 1055 1365 statim
1086 1329 1243 1374 el‘licies,
1264 1330 1323 1365 cui

335 1398 404 1425 tuse
433 1390 524 1425 lucis
545 1389 701 1425 verbum
720 1398 886 1433 eructas,
911 1390 975 1438 qui
992 1389 1069 1425 dies
1089 1402 1127 1424 cs
1144 1397 1318 1424 aeternus.

331 1449 491 1496 Fulgura
515 1447 623 1483 nohis
647 1448 926 1484 coruscationes
957 1448 1057 1483 tales.
1076 1448 1214 1496 Fulgin·
1239 1447 1323 1483 clli-

334 1507 453 1552 citur,
483 1508 541 1542 cui
571 1515 609 1542 ιιι
637 1508 810 1555 fulguras.
833 1508 997 1543 Similem
1025 1506 1089 1542 tihi
1120 1506 1262 1552 reddis,
1292 1506 1322 1542 si

333 1580 443 1614 quem
472 1565 640 1601 irradias.
657 1569 819 1609 -S'imiles,
851 1566 990 1614 inquit,
1022 1570 1054 1600 ci
1079 1570 1215 1600 erimus
1240 1579 1320 1600 cum

331 1630 550 1673 apparuerit
563 1631 585 1659 ¹.
605 1628 751 1660 Montes
769 1638 864 1673 quos
886 1625 947 1660 tali
963 1624 1066 1660 radio
1086 1624 1204 1672 tangis
1217 1652 1225 1668 ‚
1245 1637 1320 1660 non

334 1684 533 1732 fumigant,
548 1682 611 1718 scd
632 1684 829 1731 fulgurant.
853 1684 965 1720 Aurei
983 1685 1095 1726 liunt,
1116 1692 1218 1719 tuum
1242 1683 1323 1731 qui-

334 1741 403 1777 hus
431 1755 563 1778 aurtnn
589 1742 758 1789 refulget.
784 1745 904 1791 Caput
928 1750 1031 1778 tuum
1065 1755 1196 1778 aurum
1227 1742 1322 1791 opti-

1391 1103 1468 1130 stus
1490 1096 1593 1144 prior
1615 1095 1775 1143 signavit
1799 1094 1959 1143 pedihus
1981 1096 2076 1140 illis,
2095 1095 2230 1144 quibus
2256 1096 2391 1132 nullus,

1391 1155 1514 1203 pulvis
1546 1154 1722 1198 adhaesst,
1754 1154 1913 1203 pedibus
1944 1154 2084 1199 niveis,
2111 1167 2207 1202 quos
2235 1155 2380 1190 cruoris

1395 1213 1451 1248 sui
1471 1213 1629 1262 signarit
1655 1213 1836 1261 vestigio?
1859 1216 1945 1248 l‘lsec
1966 1221 2004 1248 tu
2029 1212 2206 1248 ardenter
2225 1214 2379 1261 vestigia

1396 1271 1518 1319 relege
1540 1286 1546 1306 :
1569 1271 1672 1306 aufer
1688 1272 1980 1306 calceamentum
2003 1283 2178 1306 carneum
2201 1270 2246 1306 de
2267 1271 2377 1320 pedi·

1390 1329 1459 1366 bus
1481 1331 1564 1366 tuis.
1588 1334 1742 1367 Sanctus
1762 1330 1859 1366 enim
1879 1343 2054 1365 ascensus
2074 1338 2152 1374 est,
2175 1342 2286 1378 quem
2313 1330 2380 1365 tibi

1390 1388 1570 1438 disponis.
1595 1389 1702 1426 Nudo
1723 1397 1759 1425 et
1780 1389 1957 1438 expedito
1978 1389 2104 1425 insiste
2126 1388 2282 1437 vestigio
2300 1402 2381 1437 gra-

1389 1448 1498 1484 dibus
1520 1449 1606 1485 istis.
1630 1452 1839 1497 Purpuram
1865 1449 1959 1483 hanc
1987 1461 2063 1484 non
2088 1447 2295 1495 conchylii,
2315 1447 2380 1484 sed

1388 1507 1524 1544 Christi
1543 1507 1693 1556 sanguis
1716 1507 1880 1542 intinxit.
1908 1507 1976 1542 Hic
2004 1515 2041 1542 tu
2062 1506 2196 1555 pedem
2220 1506 2380 1543 libenter

1388 1578 1487 1614 pone
1501 1594 1509 1610 ,
1531 1574 1570 1601 ut
1589 1578 1653 1614 pes
1668 1574 1753 1600 tuus
1766 1565 1971 1613 intingatur
1986 1565 2022 1600 in
2037 1564 2215 1612 sanguine
2232 1565 2378 1601 Christi.

1388 1629 1468 1661 Non
1490 1625 1616 1660 veniat
1641 1624 1706 1660 tibi
1732 1637 1795 1673 pes
1825 1624 2032 1673 superbiae,
2055 1624 2084 1660 si
2114 1624 2291 1660 humilem
2321 1637 2380 1660 se-

1388 1684 1496 1720 cteris
1526 1696 1742 1728 ascensum,
1766 1683 1831 1731 qui
1858 1683 1994 1732 Sponsi
2026 1682 2080 1718 tui
2106 1695 2238 1718 cruore
2273 1695 2379 1718 sacro

1388 1743 1566 1791 signatur.
1590 1743 1688 1779 Huic
1710 1751 1747 1778 tu
1769 1755 1843 1777 non
1868 1742 1982 1778 modo
2002 1741 2135 1790 pedem
2151 1769 2160 1786 ,
2181 1741 2245 1777 sed
2267 1741 2377 1777 etiam

333 1814 434 1836 mum
468 1801 746 1836 reclinatorium
777 1814 931 1836 aureum
966 1814 1041 1836 non
1066 1801 1225 1845 invenit,
1255 1800 1319 1836 sed
1341 1807 1367 1841 C
1388 1815 1539 1837 manum
1570 1810 1606 1837 et
1635 1809 1748 1850 caput
1778 1801 1920 1849 intinge
1941 1828 1949 1844 ‚
1982 1808 2024 1835 ut
2054 1808 2130 1835 tota
2162 1813 2376 1849 purpurea,

332 1859 455 1895 reddit
488 1858 553 1894 ubi
585 1872 623 1895 se
659 1860 825 1895 reclinat.
844 1863 925 1894 Jam
963 1872 1039 1896 non
1071 1867 1125 1894 cst
1160 1858 1250 1894 illud
1277 1858 1322 1894 de

338 1919 541 1967 Evangelio
563 1919 686 1954 dicere
709 1935 716 1954 :

334 1988 446 2025 calme
473 1982 661 2013 reclinet&
681 1978 859 2022 Videsne,
895 1978 1055 2014 Domine
1085 1982 1200 2020 Jesu,
1230 1985 1323 2025 quot

330 2037 389 2073 hic
411 2037 524 2073 habes
552 2038 814 2073 reclinatoria?
840 2040 1040 2085 Nunquam
1063 2050 1100 2073 se
1121 2036 1323 2085 majestatis

331 2105 401 2132 tua?
423 2105 535 2144 caput
554 2096 729 2132 libentius
746 2097 920 2141 reclinat,
943 2109 1054 2144 quam
1075 2096 1110 2131 in
1130 2096 1323 2143 virginita-

330 2156 373 2190 tis
397 2168 511 2190 aurco
541 2156 636 2191 sinu.
660 2155 819 2203 Respice
851 2155 1014 2202 virginea
1046 2163 1198 2203 pectora
1226 2154 1321 2199 haec,

740 1922 860 1953 Fllt'us
876 1921 1033 1954 hominis
1052 1933 1123 1954 mm
1143 1917 1251 1953 habet
1264 1917 1324 1952 ube·

330 2222 480 2260 pectora
512 2214 681 2247 vacantia
708 2213 772 2247 tibi
795 2227 801 2246 ε
824 2213 860 2246 in
891 2213 947 2246 his
973 2214 1188 2258 frequenter
1213 2212 1321 2246 recli-

330 2283 414 2314 nas,
432 2278 467 2305 ct
490 2269 696 2314 recumbis,
715 2278 751 2305 ct
768 2269 882 2305 cubas
899 2269 936 2304 in
955 2269 1130 2313 meridie,
1148 2277 1184 2303 ct
1205 2281 1318 2304 aureo

329 2328 506 2363 claritatis
538 2326 700 2375 quodam
736 2340 882 2361 screno.
906 2330 986 2362 Non
1020 2326 1078 2361 hic
1109 2326 1242 2373 vulpes
1264 2326 1319 2359 so-

330 2400 416 2422 veas
441 2385 598 2429 habent,
624 2399 690 2421 ncc
709 2385 901 2421 nidilicant
919 2386 1090 2420 volucres
1111 2385 1203 2419 coeli.
1227 2384 1319 2419 Soli-

328 2445 412 2481 dius
432 2453 486 2480 est
515 2440 794 2480 reclinatorium
825 2444 916 2488 hoc,
939 2457 1050 2492 quam
1079 2452 1119 2478 ut
1147 2443 1205 2478 hic
1227 2442 1318 2478 sul)-

330 2503 415 2539 dola
449 2504 568 2538 valeat
602 2503 732 2552 vulpes
765 2503 945 2538 infodere.
970 2503 1100 2539 Nullus
1130 2502 1317 2537 dolositati

1389 1868 1465 1895 tota
1487 1860 1641 1908 regaliS,
1659 1867 1696 1894 et
1719 1860 1890 1907 passione
1917 1858 2051 1896 Christi
2078 1867 2154 1894 tota
2184 1857 2379 1894 nobilitata

1389 1918 1577 1954 ascendas.
1603 1922 1695 1956 Nam
1721 1919 1749 1953 si
1773 1919 2019 1968 compateris,
2047 1931 2264 1966 conregnas.
2294 1918 2379 1954 Noli

1390 1985 1424 2013 te
1444 1978 1568 2013 saeculi
1587 1976 1781 2013 nobilitate
1802 1977 1937 2012 claram
1965 1985 2152 2026 reputare.
2169 1977 2288 2014 Vilior
2305 1977 2378 2013 eris

1388 2035 1417 2071 si
1439 2036 1647 2085 respexeris
1673 2035 1719 2071 ad
1746 2036 1868 2081 illam,
1893 2035 1922 2071 si
1950 2036 2091 2071 natales
2118 2043 2202 2071 tuos
2231 2038 2378 2085 Sponso

1387 2094 1569 2143 imputes,
1591 2095 1618 2131 si
1651 2103 1684 2130 te
1709 2108 1779 2144 pro
1805 2095 1929 2130 saeculi
1962 2095 2056 2130 fastu
2076 2095 2254 2143 praeferas
2273 2095 2376 2139 aliis,

1388 2163 1451 2190 aut
1471 2154 1610 2203 aliquid
1632 2154 1770 2190 habere
1796 2154 1982 2202 privilegii
2003 2162 2124 2202 putes.
2146 2156 2286 2190 Contra
2307 2153 2379 2189 hu-
2412 2150 2416 2155 ”

1389 2214 1581 2248 militatem
1600 2214 1783 2261 propositi
1799 2213 1844 2248 de
1860 2214 2035 2261 prosapia
2051 2213 2172 2248 carnis
2187 2213 2379 2249 evacuaris

1386 2283 1404 2304 a
1423 2270 1540 2317 gloria
1560 2271 1719 2315 Christi,
1737 2271 1765 2305 si
1786 2271 1856 2305 alia
1882 2284 1920 2305 re
1942 2270 2135 2306 nobilitari
2162 2283 2377 2320 praesumas.

1386 2330 1474 2363 llaec
1496 2327 1560 2363 tibi
1589 2342 1756 2376 purpura
1786 2328 1946 2363 sufficiat
1967 2329 2012 2364 ad
2040 2329 2194 2374 fastum,
2217 2329 2379 2365 sufficiat

1384 2386 1429 2421 ad
1451 2399 1664 2430 ascensum,
1687 2387 1846 2422 sufficiat
1867 2387 1911 2422 ad
1933 2387 2108 2435 gloriam,
2131 2396 2172 2423 ut
2192 2401 2268 2424 non
2290 2389 2376 2437 glo-

1386 2445 1490 2480 rieris
1520 2445 1587 2480 nisi
1618 2446 1653 2481 in
1686 2459 1795 2481 cruce
1828 2446 1978 2481 Domini
2015 2447 2067 2481 tui
2101 2450 2189 2483 Jesu
2224 2447 2371 2484 Christi.

1386 2508 1569 2540 Ascensus
1595 2513 1628 2540 te
1650 2518 1864 2553 purpureus
1889 2505 2166 2541 reclinatorium
2194 2506 2376 2555 perducet

331 2563 556 2611 relinquitur
577 2563 760 2598 haeretica»
782 2563 902 2607 locus,
925 2561 987 2597 uhi
1009 2574 1139 2597 serena
1161 2561 1323 2608 fulgurat
1343 2569 1374 2601 D
1389 2561 1435 2597 ad
1455 2574 1608 2597 aureum
1628 2577 1634 2598 :
1652 2563 1830 2611 quoniam
1856 2562 2060 2598 humilibus
2081 2572 2117 2598 et
2137 2563 2273 2612 quietis
2290 2577 2377 2600 con-

331 2623 479 2658 veritas.
503 2621 705 2658 Sublimius
728 2630 782 2657 est
803 2635 913 2669 quam
932 2630 973 2657 ut
991 2621 1062 2657 hue
1085 2628 1148 2656 aut
1164 2620 1321 2655 subdola

331 2682 478 2730 vulpis,
509 2690 573 2717 aut
602 2681 762 2730 superba
793 2682 957 2716 volucris
994 2680 1170 2716 accedere
1198 2687 1321 2728 queat.

334 2740 563 2777 Abscondita
591 2749 678 2776 sunt
697 2741 776 2777 haec
798 2754 816 2776 a
842 2739 1073 2789 sapientibus
1104 2747 1139 2775 ct
1161 2738 1323 2787 pruden-

336 2799 452 2845 tibus,
473 2808 508 2835 et
540 2801 701 2836 revelata
730 2808 816 2836 sunt
844 2799 1031 2848 parvulis,
1051 2798 1115 2846 qui
1143 2798 1319 2833 humilem

333 2866 523 2893 sectantur
551 2871 766 2903 ascensum,
796 2870 988 2893 ascensum
1011 2869 1262 2905 purpmcum,
1285 2863 1321 2891 ct

331 2917 514 2964 passionis
530 2917 665 2953 Christi
684 2917 846 2965 vestigiis
862 2916 1048 2951 insistunt.
1064 2919 1158 2951 Vere
1178 2927 1320 2963 purpu-

330 2988 414 3010 reus
435 2988 626 3020 ascensus,
648 2988 758 3023 quem
787 2974 920 3011 Christi
953 2973 1110 3022 signavit
1132 2985 1264 3017 cruor,
1284 2981 1319 3007 et

329 3033 510 3082 passionis
531 3032 610 3081 ejus
630 3033 813 3069 coloravit
839 3033 940 3068 lides.

383 3093 417 3126 (i.
449 3091 518 3127 Sed
550 3091 641 3126 illud
671 3090 964 3134 attendendum,
998 3090 1213 3138 quomodo,
1242 3089 1317 3126 imo

333 3163 444 3198 quam
472 3164 639 3198 congruo
671 3151 781 3186 modo
807 3150 874 3185 sibi
905 3151 1108 3186 concinunt
1134 3150 1317 3185 columnze

385 3276 391 3290 ¹
418 3273 427 3299 1
450 3272 618 3305 Joan.111,
638 3275 665 3300 2.
680 3290 719 3293 --
742 3278 752 3292 ²
772 3274 843 3301 Luc.
863 3282 894 3299 ix
911 3294 917 3303 ,
939 3275 989 3299 [ιιι.

1072 3267 1186 3298 3Joan.
1206 3279 1257 3303 xv,
1282 3272 1328 3298 13.

1393 2621 1644 2669 templationis
1665 2620 1824 2656 debetur
1850 2621 1991 2669 gratia,
2014 2635 2034 2657 a
2054 2621 2286 2671 sapientibus
2305 2636 2375 2658 au-

1390 2687 1461 2714 tem
1499 2688 1534 2714 ct
1572 2679 1822 2728 prudentibus
1868 2679 2137 2725 absconditur,
2177 2682 2378 2718 revelanda

1390 2739 1565 2786 parvulis.
1588 2743 1759 2787 Purpura
1788 2739 1866 2774 haec.
1895 2752 2070 2788 magnum
2101 2740 2291 2788 quoddam
2322 2750 2378 2777 est

1390 2797 1525 2845 pignus
1558 2798 1722 2841 amoris,
1757 2811 1866 2846 quem
1901 2797 1966 2833 tibi
2000 2798 2158 2835 dilectus
2192 2799 2374 2835 exhibuit.

1388 2859 1481 2892 Vere
1515 2869 1688 2905 magnum
1723 2857 1857 2905 pignus
1893 2858 2030 2893 amoris
2062 2857 2194 2893 mortis
2235 2858 2371 2907 passio.

1387 2914 1564 2963 Majorem
1586 2916 1653 2951 hac
1671 2915 1908 2952 dilectionem
1936 2930 2047 2952 nemo
2069 2916 2208 2962 habet,
2228 2925 2270 2953 ut
2294 2918 2375 2952 ani-

1388 2987 1483 3010 mam
1506 2987 1608 3010 suam
1637 2983 1753 3023 ponat
1778 2976 1860 3024 quis
1891 2989 1961 3024 pro
1987 2976 2115 3011 amicis
2143 2974 2259 3012 suis³.
2283 2976 2371 3012 Tale

1387 3033 1582 3082 praestitit,
1617 3034 1686 3069 tale
1719 3034 1852 3083 pignus
1886 3036 2092 3083 repostulat
2123 3034 2245 3083 passio
2284 3042 2374 3074 tua.

1387 3092 1592 3127 humiliatio
1615 3101 1689 3128 tua.
1721 3093 1818 3140 Quid
1842 3107 1910 3142 pro
1940 3101 1973 3128 te
1997 3093 2171 3142 pertulit,
2196 3092 2377 3128 memoria

1388 3151 1453 3186 tihi
1473 3150 1646 3197 reducat,
1667 3160 1703 3187 ct
1723 3161 1904 3200 quantum
1926 3151 2134 3196 adamavit,
2154 3165 2224 3200 pro
2247 3164 2319 3200 qua
2338 3164 2376 3187 se
