2504 3928
295 203 367 239 537

1005 199 1053 233 IN
1083 199 1287 233 CANHCA
1316 195 1629 231 CANTICORUM

2278 191 2350 225 588

295 283 434 315 lion-tus
456 277 553 311 euim
580 275 646 310 tria
667 272 777 309 habet
799 281 967 321 tempora
983 301 991 317 ,
1024 274 1283 322 plantationis,
1297 268 1555 319 ‘⁷”gloriosius
1577 269 1778 318 acquirunt
1797 266 2067 304 beatitudinem
2082 295 2092 312 ,
2111 276 2251 316 quanto
2281 280 2350 316 pro

296 336 540 378 maturitatis,
573 333 819 369 collectionis.
852 335 1015 381 Tempus
1050 333 1289 381 plantationis
1309 332 1336 364 Α
1358 327 1588 365 beatitudine
1623 327 1757 363 nolunt
1790 326 1963 362 deserere
1994 325 2188 374 justitiam.
2229 324 2352 361 Verba

294 406 348 433 est
369 397 461 432 sicut
483 395 518 429 in
541 392 676 430 Genesi
702 400 737 426 ct
758 392 795 427 in
820 390 1017 439 Prophetis
1036 400 1073 426 et
1092 391 1292 440 Scripturis

295 455 431 491 veteris
450 452 697 495 'rt-stanncnti,
720 451 765 486 de
786 451 975 486 creatione
999 451 1081 486 emti
1103 459 1138 486 et
1159 459 1266 486 terrae
1281 478 1289 494 ,

294 524 329 550 ct
354 513 570 563 primordiis
597 511 740 547 mundi.
771 515 934 558 'l'empus
963 510 1185 546 maturitatis
1215 519 1291 554 est,

295 588 379 610 cuin
402 574 438 610 in
459 572 605 609 Christo
625 579 661 607 et
684 570 884 618 Evangelio
904 569 1200 605 conversationis
1220 569 1291 604 hu-

299 646 417 669 mana·
434 631 610 681 apparuit
635 630 848 674 maturitas,
872 629 999 677 utjam
1026 642 1099 664 non
1127 627 1290 671 dicatur,

302 695 453 728 Oculum
478 704 549 739 pro
579 693 700 732 oculo,
734 690 878 723 dentem
906 702 975 735 prr)
1001 690 1134 722 deute*
1167 701 1174 722 2
1209 687 1292 731 sed,

302 756 374 798 Qui
395 761 428 786 lc
438 754 661 799 percusserit
676 754 713 784 ln
730 750 921 783 (leura-ram
941 750 1150 790 maxillam,
1167 746 1295 795 praebe

297 826 328 846 ι’(
353 820 388 847 et
409 812 592 846 sinistram
610 815 642 853 ’ς
672 817 707 843 et
736 807 851 843 multa
880 807 973 850 alia,
993 820 1076 855 qua‘.
1100 806 1185 841 licet
1204 806 1294 841 sim-

298 871 445 920 pliciter
475 877 511 905 et
538 867 641 916 quasi
671 866 913 902 historialiter
934 864 1174 913 intelligenda
1200 865 1294 909 siut,

298 930 344 966 ad
371 930 456 965 vitre
482 937 604 964 tamen
636 926 824 975 pertinent
846 925 1109 960 maturitatem.
1133 926 1296 972 'senipus

299 988 551 1032 collectionis,
582 995 729 1034 tempus
755 993 810 1020 est
832 984 947 1020 futuri
969 983 1116 1028 saeculi,
1147 982 1191 1018 de
1220 995 1296 1030 quo

1357 389 1456 423 cuim
1478 388 1555 422 lia-c
1574 385 1743 435 Apostoli
1767 385 1922 421 affectus
1939 392 2049 429 sunt,
2080 397 2154 420 non
2182 385 2347 421 effectus.

1359 451 1442 484 llaec
1461 446 1560 482 cuim
1590 444 1775 489 ebrietas,
1796 458 1869 493 qua
1896 443 2131 480 inebriantur
2151 443 2353 480 charissimi

1358 508 1446 543 (lum
1479 519 1547 555 pro
1574 517 1701 540 amore
1734 504 1800 539 Dei
1828 512 1864 539 et
1896 504 2049 539 fratrum
2080 502 2229 551 projicit
2271 504 2354 551 quis

1360 567 1487 602 intima
1517 578 1606 608 sua,
1640 564 1716 599 haec
1752 571 1807 598 est
1838 563 1930 599 cella
1958 563 2120 607 vinaria,
2163 563 2200 598 in
2242 575 2354 611 quam

1360 638 1495 675 sponsa
1526 624 1659 660 meruit
1688 622 1895 666 introduci,
1925 621 2013 658 dum
2040 622 2170 657 didicit
2200 622 2236 658 in
2266 621 2355 657 cha-

1362 686 1468 721 ritate
1500 696 1670 733 prmcsse.
1702 681 1801 719 Cella
1835 681 1912 717 haee
1937 680 2046 729 juxta
2076 680 2229 717 domum
2261 679 2357 728 regis

1360 754 1427 781 est.
1457 747 1561 793 Saepe
1593 756 1680 791 ergo
1713 741 1849 777 exinde
1883 741 2037 776 domum
2065 741 2161 788 regis
2195 739 2356 789 ingredi-

1363 812 1439 849 tur,
1470 811 1505 838 et
1533 810 1716 837 secretum
1746 799 1927 845 cubiculi,
1959 808 2030 835 tain
2059 813 2127 848 per
2154 812 2212 844 se,
2245 811 2356 847 quam

1363 876 1429 912 per
1457 861 1626 897 subditos
1653 861 1817 897 Domino
1841 873 1978 909 sponso
2007 859 2176 895 serviens
2194 859 2239 894 de
2259 871 2357 894 com-

1363 922 1482 957 missis
1503 920 1572 957 sibi
1592 920 1699 956 bonis
1722 928 1758 955 et
1775 920 1894 964 horti,
1914 928 1950 955 et
1973 919 2124 955 cellarii.
2147 918 2232 956 Sive
2258 918 2356 953 enim

1363 981 1536 1030 przelatus
1555 1009 1563 1025 ,
1599 979 1677 1015 sive
1706 978 1878 1015 subditus
1903 1006 1912 1022 ,
1946 978 2106 1014 liberum
2147 977 2219 1013 huc
2247 975 2360 1012 habet

300 1048 517 1098 simpliciter
540 1075 550 1091 ‚
580 1053 616 1082 et
650 1044 755 1093 (plausi
792 1042 1034 1079 historialiter
1067 1042 1293 1091 pronuntia·
1316 1042 1341 1075 B
1361 1053 1546 1076 accessum
1561 1068 1570 1084 ,
1602 1039 1831 1088 quicumque
1852 1038 1962 1073 istum
1985 1036 2174 1073 charitatis
2195 1036 2361 1072 induerit

300 1122 382 1145 mus
401 1122 408 1143 ε
429 1107 500 1154 Qui
524 1105 623 1141 bona
650 1105 789 1153 egerit,
811 1102 878 1138 ihit
900 1103 934 1138 in
959 1102 1071 1137 vitam
1095 1110 1294 1144 aeternam;

298 1168 363 1216 qui
381 1180 470 1202 vero
498 1165 614 1209 mala,
638 1163 675 1199 iu
700 1171 858 1198 mortem
885 1158 1105 1197 a·t‹.·1·nain3.
1124 1163 1166 1196 In
1185 1159 1296 1195 horto

299 1225 552 1263 deambulatio
579 1232 634 1259 est
657 1222 915 1270 exemplorum
945 1218 1198 1255 obumbratio.
1226 1217 1297 1255 Sed

302 1286 445 1320 fructus
475 1282 574 1318 horti
605 1280 772 1316 defertur
812 1279 850 1313 in
898 1277 1104 1313 cellarium.
1147 1280 1188 1312 In
1227 1275 1299 1311 hoc

302 1343 435 1386 horto,
474 1341 570 1377 sicut
613 1351 726 1387 supra
770 1336 910 1372 dictum
952 1343 1030 1379 est,
1060 1334 1129 1371 sub
1165 1334 1300 1370 arbore

303 1402 400 1437 malo
428 1412 566 1449 sponsa
595 1396 768 1439 sedebat,
800 1395 888 1430 dum
917 1394 1107 1429 humiliter
1136 1401 1303 1428 contem-

302 1459 476 1508 plabatur
500 1457 632 1493 seriem
663 1454 893 1491 historialem
923 1452 1164 1488 humanitatis
1193 1452 1302 1489 Chri-

302 1519 348 1553 sti
369 1532 375 1552 :
400 1516 464 1553 sed
493 1516 632 1552 fructus
655 1513 736 1562 ejus
763 1525 837 1548 non
867 1512 995 1548 fuisset
1019 1511 1135 1547 dulcis
1162 1511 1303 1559 gutturi

303 1577 402 1625 ejus,
430 1576 499 1612 nisi
528 1574 704 1610 intrasset
732 1571 937 1608 cellarium.
968 1570 1079 1610 Unde
1101 1571 1224 1606 statim
1251 1568 1302 1605 ibi

304 1637 474 1685 sequitur
493 1650 500 1671 :

358 1696 419 1732 32.
438 1695 656 1731 Introduxit
677 1704 734 1726 me
758 1703 825 1725 rex
852 1694 890 1723 ln
917 1690 1050 1723 cellam
1073 1691 1261 1722 vinariam
1274 1686 1301 1722 ⁴.

306 1759 464 1792 Fructus
494 1753 591 1789 enim
625 1750 744 1795 horti,
772 1757 812 1785 ut
847 1748 988 1783 dictum
1020 1755 1096 1792 est,
1137 1747 1304 1782 defertur

305 1816 342 1851 in
387 1813 578 1850 cellarium
610 1825 616 1845 :

306 1875 446 1911 utilitas
464 1871 552 1909 alibi
577 1867 780 1919 quaerenda
796 1875 868 1911 est3
887 1866 916 1902 si
933 1879 1014 1901 eam
1036 1865 1204 1900 invenire
1228 1865 1304 1908 vis,

308 1934 503 1984 ingredere
530 1930 735 1967 cellarium.
764 1928 849 1963 Tria
877 1925 988 1962 habet
1015 1925 1169 1969 merita,
1201 1926 1305 1973 quasi

309 2007 383 2032 tres
412 1991 632 2030 moralitatis
664 1989 774 2025 cellas
803 2001 809 2022 z
840 1985 1006 2022 habitum
1036 1984 1082 2020 ad
1110 1986 1303 2033 praelatos,

308 2068 391 2105 quae
424 2061 479 2090 est
512 2050 729 2098 disciplina3
769 2045 937 2082 habitum
975 2045 1021 2081 ad
1055 2057 1187 2094 pares,
1223 2058 1306 2094 quae

308 2124 363 2152 est
385 2112 531 2163 justitia
550 2110 608 2146 vel
630 2107 816 2150 amicitia,
851 2104 1020 2141 habitum
1047 2103 1092 2139 ad
1116 2102 1304 2149 subditos,

308 2187 391 2223 quae
419 2180 475 2208 est
499 2169 669 2206 charitas.
701 2165 810 2213 Quod
839 2173 880 2200 ut
908 2163 1061 2199 brevius
1082 2170 1119 2198 et
1147 2162 1306 2198 lucidius

310 2234 476 2269 dicamus
499 2259 508 2276 ,
537 2237 592 2264 est
619 2235 660 2263 ut
687 2226 777 2262 sciat
805 2224 888 2273 quis
927 2222 1078 2258 subesse
1106 2250 1115 2266 ,
1146 2234 1272 2257 coesse
1297 2250 1306 2266 ,

311 2304 481 2342 praeesse.
510 2288 633 2325 Prima
661 2286 753 2321 cella
785 2285 894 2333 plena
924 2290 979 2317 est
1007 2280 1215 2324 odoribus;
1247 2293 1307 2316 se-

311 2350 454 2393 cunda,
490 2344 708 2395 saporibus;
739 2342 869 2386 tertia,
895 2341 1024 2390 gratia.
1056 2339 1179 2376 Prima
1208 2338 1307 2374 enini

313 2410 427 2459 magis
455 2406 607 2458 prolicit
638 2402 847 2451 exemphs3
887 2399 1070 2443 secunda,
1103 2397 1308 2434 moralibus

312 2470 369 2506 xel
391 2466 556 2504 mvsticis
577 2463 729 2506 studiis;
753 2461 878 2505 tertia,
905 2456 1192 2494 charismatibus
1219 2456 1306 2506 Spi-

313 2531 406 2566 ritus
427 2510 554 2564 sancti.
576 2527 663 2560 Haec
684 2530 739 2558 est
756 2521 854 2556 enim
884 2518 975 2554 cella
993 2517 1148 2553 vinaria.
1175 2519 1215 2551 In
1241 2515 1309 2551 hac

1362 1100 1550 1136 affectum.
1577 1097 1687 1134 Unde
1704 1109 1841 1146 sponsa
1864 1096 2037 1145 superius
2056 1108 2139 1131 cum
2164 1094 2258 1130 trahi
2275 1102 2362 1144 post

1363 1172 1541 1209 sponsum
1566 1157 1818 1201 desideraret,
1842 1156 1922 1205 ipsa
1950 1168 2040 1191 vero
2063 1154 2361 1191 adolescentulas

1364 1226 1449 1267 post
1479 1231 1517 1254 se
1550 1217 1736 1260 traheret,
1767 1215 1917 1258 dicens,
1957 1216 2151 1250 Cart-emus
2180 1217 2218 1248 iu
2252 1214 2384 1262 odore—

1365 1287 1626 1324 nguemorum
1651 1285 1792 1309 moram
1814 1288 1824 1307 :
1845 1273 1966 1309 statim
1981 1301 1990 1318 ‚
2023 1280 2064 1308 ut
2092 1272 2171 1321 ipsa
2204 1271 2361 1320 profite-

1368 1343 1446 1378 tur,
1468 1336 1675 1368 introduxit
1692 1346 1771 1368 eam
1794 1346 1861 1367 rm·
1879 1338 1916 1367 in
1939 1335 2093 1367 cellaria
2110 1331 2178 1367 ista
2192 1358 2201 1376 ,
2219 1338 2259 1366 ut
2275 1329 2362 1366 inde

1367 1393 1551 1442 acciperet
1570 1392 1669 1427 unde
1690 1392 1771 1427 illas
1792 1391 1984 1434 reliceret,
2014 1403 2060 1426 ne
2080 1390 2116 1426 in
2137 1402 2250 1426 cursu
2271 1389 2363 1426 ‹leli-

1368 1461 1514 1497 eerent;
1535 1459 1572 1487 et
1591 1464 1660 1500 per
1680 1450 1851 1486 ordinem
1879 1450 1925 1485 de
1946 1450 2057 1485 horto
2079 1449 2125 1485 ad
2146 1449 2336 1485 cellarium
2351 1477 2360 1493 ‚

1369 1512 1415 1548 de
1445 1511 1595 1547 cellario
1626 1510 1671 1546 ad
1703 1509 1914 1546 cubiculum
1938 1508 2034 1557 regis
2053 1521 2114 1545 eas
2147 1508 2363 1544 introduce-

1370 1579 1444 1616 ret,
1479 1583 1578 1606 nunc
1599 1569 1750 1618 quidem
1773 1581 1840 1618 per
1860 1567 2189 1617 contemplationis
2208 1575 2245 1603 et
2264 1580 2366 1603 amo-

1370 1631 1419 1666 ris
1439 1630 1611 1666 affectum
1626 1657 1635 1673 ,
1663 1627 1903 1677 postmodum
1924 1640 2015 1663 vero
2037 1640 2104 1676 per
2126 1625 2367 1663 beatitudinis

1369 1689 1558 1724 effectum.
1586 1691 1704 1723 Porro
1726 1686 1860 1722 domus
1882 1699 1998 1722 unuin
2026 1684 2138 1722 habet
2168 1685 2365 1734 praemium

1370 1747 1540 1792 Domini,
1564 1747 1634 1783 nisi
1654 1746 1739 1794 quia
1760 1759 1828 1795 per
1847 1745 1916 1782 hoc
1939 1746 1976 1781 in
1999 1746 2067 1781 tria
2088 1745 2240 1794 praemia
2269 1744 2365 1781 divi-

653 1808 848 1846 amoenitas
879 1807 914 1842 in
957 1806 1068 1842 horto
1103 1813 1269 1841 remanet
1295 1833 1303 1849 ,
1326 1810 1352 1844 C
1372 1806 1496 1850 ditur,
1518 1814 1558 1841 ut
1577 1805 1754 1848 sciamus,
1785 1805 1897 1853 quid,
1928 1812 2112 1853 quantus,
2145 1803 2364 1853 quomodo;

1371 1865 1407 1901 id
1428 1873 1502 1910 cst,
1521 1864 1610 1914 quid
1631 1865 1676 1899 sit
1696 1868 1794 1900 Deus
1810 1892 1819 1908 ,
1839 1876 1976 1913 corpus
1997 1877 2043 1899 an
2064 1863 2235 1912 spiritus;
2252 1876 2368 1912 quan-

1373 1933 1452 1970 tus,
1476 1932 1621 1960 creatus
1641 1937 1687 1959 an
1708 1923 1895 1959 increatus
1914 1938 1923 1969 3
1946 1922 2139 1972 quomodo
2170 1922 2368 1958 invenien—

1373 1983 1455 2019 dus.

1425 2044 1486 2079 33.
1522 2044 1735 2080 Introduxit
1753 2055 1810 2077 me
1829 2054 1919 2090 ergo
1932 2069 1941 2086 ,
1964 2041 2016 2077 ait
2035 2053 2189 2090 sponsa,
2222 2045 2258 2076 in
2291 2043 2367 2076 cel-

1373 2107 1446 2138 lam
1463 2107 1650 2139 villariam
1663 2131 1672 2146 ,
1691 2101 1727 2137 id
1745 2109 1799 2137 est
1819 2101 1855 2136 in
1878 2100 2148 2150 plenitudinem
2167 2099 2369 2144 charitatis,

1373 2163 1408 2198 in
1438 2175 1510 2211 qua
1540 2176 1585 2198 ne
1605 2161 1786 2197 inebriata
1808 2169 1932 2197 musto
1960 2160 2120 2210 Spiritus
2141 2160 2257 2196 sancti
2277 2173 2367 2209 per-

1373 2235 1500 2271 peram
1532 2220 1672 2269 aliquid
1702 2233 1868 2268 agerem,
1891 2233 1974 2255 cum
1996 2219 2042 2255 ad
2063 2218 2234 2255 subditos
2266 2218 2367 2254 redi—

1375 2294 1474 2326 rem,
1495 2283 1676 2315 ordinavit
1694 2285 1732 2315 in
1750 2292 1807 2313 me
1822 2279 2039 2313 clem-itatem
2055 2277 2084 2313 ⁶.
2109 2277 2274 2315 Charitas
2295 2277 2369 2313 duo

1374 2339 1506 2382 habet,
1531 2339 1704 2375 affectum
1719 2367 1728 2384 ,
1750 2347 1786 2374 et
1805 2346 1943 2374 aetum.
1971 2341 2026 2374 De
2046 2337 2181 2373 affectu
2197 2364 2207 2382 ,
2229 2339 2370 2384 Diliges

1375 2400 1575 2432 Domitzum
1601 2400 1716 2432 Deum
1739 2405 1838 2431 tuum
1865 2409 1911 2430 ex
1932 2404 2002 2430 tuto
2029 2397 2138 2430 corde
2167 2404 2246 2439 tur),
2269 2404 2302 2430 el
2322 2409 2370 2430 ez·

1373 2467 1448 2493 tota
1478 2467 1597 2493 meme
1630 2466 1717 2499 ma,
1743 2465 1776 2491 et
1801 2470 1849 2491 ex
1869 2455 2033 2491 munibus
2060 2454 2198 2491 viribus
2226 2459 2295 2490 tuis
2314 2461 2326 2484 7
2362 2470 2368 2491 :

1375 2518 1411 2553 in
1439 2530 1514 2565 quo
1544 2517 1669 2552 omnia
1692 2516 1848 2551 affectus
1880 2528 2015 2564 genera
2037 2513 2370 2563 comprehendun-

315 2588 449 2625 bibunt
478 2585 607 2629 amici,
646 2580 882 2618 inebriantur
922 2576 1139 2619 charissimi-
1175 2575 1306 2612 Nullus
1328 2582 1357 2614 D
1378 2585 1448 2613 tur.
1477 2577 1640 2613 Affectus
1671 2588 1759 2624 ergo
1794 2578 1873 2611 Deo
1903 2573 2062 2610 debetur
2090 2573 2369 2622 principaliter,

313 2648 413 2684 enim
440 2657 566 2682 coram
594 2645 670 2678 Deo
688 2640 797 2676 altior
819 2645 874 2673 est
894 2636 1027 2672 ordine
1052 2635 1311 2684 pi·aelatoi·um,

316 2707 380 2757 qui
413 2704 514 2755 pleni
544 2700 726 2751 sapientia
752 2697 841 2741 Dei,
872 2704 908 2731 et
938 2694 1054 2743 ipsius
1087 2694 1124 2729 in
1154 2692 1312 2729 subditis

317 2769 434 2804 vicem
463 2770 656 2813 gerentes,
689 2773 708 2794 a
738 2759 810 2793 line
838 2754 1096 2805 possibilitatis
1125 2753 1313 2801 attingunt

318 2827 464 2864 fortiter
487 2823 533 2860 ad
562 2823 671 2858 linem
697 2815 1028 2867 impossibilitatis,
1054 2823 1091 2850 et
1112 2814 1209 2849 inter
1234 2814 1311 2849 haec

317 2889 394 2924 (luo
419 2885 625 2934 disponunt
653 2879 779 2915 onmia
803 2876 976 2913 suaviter.
1002 2874 1065 2911 Isti
1089 2887 1159 2923 pro
1185 2873 1310 2909 fratri-

318 2948 409 2991 bus,
439 2940 644 2980 secundum
675 2937 925 2986 Apostolum,
958 2941 1090 2983 optant
1117 2932 1311 2968 anathema

319 3018 398 3043 esse
436 3017 456 3040 a
493 2998 691 3043 Christ05,
722 2996 785 3032 sed
814 3010 832 3031 a
863 2994 1010 3031 Christo
1054 2991 1283 3028 beatitudine
1304 3019 1313 3035 ,

320 3079 396 3103 non
426 3077 446 3100 a
474 3061 620 3100 Christo
648 3057 805 3106 justitia.
838 3057 1048 3101 L'trumque
1079 3052 1177 3088 enim
1206 3050 1316 3087 nobis

320 3134 375 3162 cst
391 3123 579 3163 Christus,
599 3127 634 3154 et
655 3114 868 3159 beatitudo,
886 3112 1079 3160 etjustitia
1098 3126 1104 3146 :
1125 3110 1189 3147 sed
1213 3118 1316 3146 tanto

704 3268 721 3269 W
746 3253 756 3267 ²
780 3244 892 3276 Matth.
914 3256 945 3279 V,
969 3247 1010 3273 38
1027 3269 1033 3276 ,
1058 3246 1110 3273 39.
1128 3262 1146 3263 ⁷*

750 3305 762 3328 7
782 3297 889 3329 unuh.
908 3308 990 3329 xxii.
1015 3299 1067 3325 537.

373 3265 378 3277 ¹
403 3260 492 3287 Dent.
519 3264 587 3284 xix,
614 3255 666 3280 Ἡ.

426 3310 561 3335 ’“(“,.ἰιιΙ,(·
592 3316 626 3335 ιι.
654 3316 674 3331 ο.

1193 3240 1270 3270 ³td.
1297 3251 1373 3274 xxv,
1396 3241 1457 3273 lis»,

1378 2635 1599 2673 secundario
1628 2635 1822 2684 proximo,
1859 2646 1970 2681 quem
2005 2633 2041 2669 in
2082 2637 2161 2669 Deo
2193 2632 2372 2668 debemus

1379 2696 1532 2743 diligere
1549 2695 1646 2730 sicut
1665 2707 1745 2730 nos.
1766 2697 1840 2729 Nos
1858 2693 1956 2728 enim
1980 2692 2166 2741 primum,
2186 2691 2272 2740 quia
2300 2703 2372 2726 no-

1379 2754 1435 2790 bis
1454 2754 1675 2789 conceditur
1694 2753 1945 2802 principatus,
1964 2759 2004 2786 ut
2022 2751 2185 2800 primum
2206 2761 2373 2786 amemus

1381 2826 1466 2855 noS,
1490 2812 1625 2848 deinde
1641 2812 1834 2861 proximos
1850 2811 1945 2846 sieut
1961 2822 2039 2846 nos.
2063 2808 2229 2845 Debetur
2248 2815 2371 2844 autem

1378 2872 1545 2908 charitati
1570 2871 1636 2908 Dei
1660 2870 1810 2919 quidam
1832 2879 1934 2906 actus
1959 2868 2219 2918 purgatorius,
2250 2867 2286 2903 id
2319 2875 2373 2903 est

1379 2943 1542 2980 purgans
1572 2943 1639 2965 nos
1659 2930 1703 2965 ad
1730 2930 1910 2965 visionem
1931 2929 2019 2973 Dei,
2043 2936 2082 2963 ut
2103 2935 2189 2963 sunt
2219 2926 2372 2975 vigiliae,

1375 2990 1538 3039 jejunia,
1568 2989 1851 3032 meditationes,
1881 2987 2077 3032 lectiones,
2108 2985 2371 3035 compunctio—

1381 3064 1446 3086 nes
1476 3065 1483 3086 :
1508 3049 1666 3085 debetur
1699 3056 1735 3084 et
1769 3056 1873 3084 aetus
1907 3046 2100 3096 proximo,
2134 3045 2228 3081 sicut
2257 3058 2372 3094 opera

1383 3107 1666 3152 miscricordiae,
1697 3115 1735 3143 et
1762 3114 1894 3142 caetera
1921 3118 2004 3153 quae
2033 3104 2147 3154 exigit
2177 3103 2374 3139 necessitas

1832 3235 1977 3265 lstimir.
2000 3246 2036 3266 lt.
2066 3237 2090 3264 i.
2115 3254 2135 3256 -

1476 3244 1502 3267 et
1522 3242 1613 3268 Joan.
1631 3249 1662 3273 v,
1689 3239 1739 3266 29.
2183 3233 2196 3254 ⁵
2219 3236 2307 3264 Rom.
2325 3244 2371 3269 ix,
