2504 3928
311 223 358 257 83
1083 223 1370 260 GlLLEBERTl
1402 224 1598 258 Ananis
2306 224 2350 261 8¹1

310 303 445 349 lii-epta
465 298 606 347 estjam
628 298 674 334 de
693 298 1053 335 conuadit-tionibus
1071 313 1294 349 persequen·
1313 299 1325 316 ³

1334 300 1344 318 ⁴
1359 299 1615 348 gregabnntur
1630 305 1665 333 et
1681 298 1813 346 aquilae
1835 298 1856 334 ὅ.
1877 301 1963 335 Esto
1981 307 2018 335 tu
2036 300 2139 348 quasi
2156 301 2278 350 aquila
2291 329 2300 347 ,
2317 310 2356 338 et

308 359 352 394 tis
384 359 533 408 populi,
559 367 592 393 et
620 358 869 406 pervertentis
900 358 1071 395 haeretiei.
1102 360 1294 396 Constitue
1314 367 1339 399 Α
1360 359 1476 394 acutis
1499 366 1602 393 utere
1621 356 1826 393 luminibus
1845 372 1852 394 ε
1871 359 2054 407 spirituali
2075 372 2242 396 assuesce
2258 374 2352 397 con-

308 432 387 453 ‹am
411 419 445 453 in
469 426 578 466 eaput
600 417 866 463 cogitationum
896 425 1065 462 tuarum,
1099 426 1138 454 ut
1161 420 1297 467 cogites

307 478 552 525 cogitationes
582 476 707 511 lideles
740 477 922 524 antiquas.
951 482 1068 513 Amen
1087 484 1110 513 ¹.

308 614 1296 626 ======================================================================

578 744 830 799 SERMO
875 745 1025 799 XIV

312 887 423 921 Tenui,
443 898 499 917 nec
516 885 670 917 ‹limiuam
689 887 774 918 illam
788 912 795 921 .
821 888 920 918 :lom-c
939 888 1137 919 introducam
1160 888 1244 920 illum
1265 891 1296 920 ia

431 937 552 970 ιΙιυηηηι
568 941 673 970 matris
687 952 772 972 ruere.
790 942 909 972 Canitie,
928 953 995 984 cap.
1011 953 1048 972 ιιι
1064 967 1071 979 ,
1088 940 1125 978 ἱ.
1143 945 1172 973 sa.

695 1064 909 1078 υ-,θθθο-ὴη

363 1183 393 1219 l.
434 1185 610 1221 Nesciunt
647 1186 891 1235 cogitationes
924 1188 1096 1236 antiquas
1135 1187 1292 1232 babere,

306 1242 370 1291 qui
398 1244 583 1280 novitates
609 1245 813 1282 verborum
846 1247 1069 1295 exquirunt,
1104 1248 1168 1296 qui
1200 1260 1296 1283 nova

305 1302 497 1339 excudunt
519 1303 713 1352 dogmata,
733 1305 796 1353 qui
814 1305 998 1353 juvenilia
1018 1305 1199 1341 desideria
1220 1318 1296 1341 non

305 1360 514 1407 declinant,
535 1364 597 1411 qui
618 1364 706 1399 nihil
729 1363 867 1400 habent
886 1365 1097 1413 gravitatis,
1120 1364 1210 1400 nihil
1229 1378 1296 1400 au-

305 1420 505 1466 ctoritatis,
524 1422 613 1458 nihil
631 1424 861 1471 antiquitatis
879 1425 1030 1473 plenum
1048 1438 1055 1460 ε
1075 1437 1151 1460 non
1173 1432 1227 1460 est
1245 1422 1297 1459 ibi

306 1483 425 1515 Amen
444 1508 453 1524 ,
491 1480 554 1516 ubi
581 1490 636 1517 est
665 1490 728 1517 aut
759 1482 998 1531 disceptatio,
1033 1491 1095 1519 aut
1126 1482 1297 1532 deceptio

306 1539 594 1587 cogitationum;
625 1540 686 1577 ubi
715 1550 779 1577 aut
807 1542 1006 1579 infidelitas
1034 1550 1110 1588 est,
1137 1550 1201 1578 aut
1226 1542 1298 1578 ssu-

307 1606 408 1633 ctuat
426 1598 516 1634 fides
533 1599 626 1648 ipsa.
649 1600 851 1648 Ingredere
868 1601 904 1636 in
927 1609 1028 1638 tutos
1058 1614 1226 1638 recessus
1255 1602 1297 1636 [i-

307 1657 388 1703 dei,
424 1658 599 1695 introduc
629 1659 806 1695 dilectum
842 1660 877 1696 in
920 1660 1133 1697 cubiculum
1170 1661 1298 1697 matris

308 1724 400 1760 tuae,
433 1725 474 1753 ut
501 1718 684 1766 quidquid
707 1718 753 1755 de
781 1720 928 1756 Christo
957 1720 1080 1769 sapis,
1115 1720 1298 1769 quidquid

307 1776 440 1822 sentis,
468 1776 566 1813 intra
596 1779 769 1814 Eeclesiae
793 1780 1026 1828 constringas
1055 1781 1220 1830 regulas,
1251 1779 1297 1815 ad

1364 416 1594 466 tenq>latioui
1607 445 1616 461 ,
1637 429 1832 452 conunane
1848 417 1883 452 in
1902 418 2030 466 petris,
2046 427 2082 453 et
2101 419 2136 454 in
2156 420 2356 469 praernptis

1362 489 1596 512 commorare
1624 475 1811 520 silicibus,
1843 475 1916 512 imo
1948 476 1984 512 in
2014 476 2213 526 singularis
2257 479 2355 515 illius

1363 545 1500 585 petra‘,
1531 549 1614 585 quae
1640 536 1809 572 Christus
1837 544 1912 579 est,
1939 549 2119 572 cavernas
2143 537 2351 586 ingredere.

1364 599 1488 638 Intra,
1517 595 1625 643 juxta
1657 595 1759 631 lsaiae
1792 594 1971 639 verbum,
2001 600 2039 630 in
2071 595 2236 632 cubicula
2266 607 2354 642 tua,

1363 657 1496 690 claud(-
1527 659 1621 690 asela
1654 664 1737 698 tua,
1769 663 1806 689 et
1836 653 2062 689 abscondere
2091 657 2270 691 modicum
2307 658 2361 691 acl

1363 723 1584 749 ”mamalum
1599 743 1608 757 ‚
1628 716 1741 748 donec
1755 722 1990 760 pertranseat
2004 715 2214 761 indignatio
2233 712 2258 750 ⁵.
2275 717 2356 750 Ma-

1363 772 1417 820 gis
1445 786 1534 808 vero
1550 771 1802 815 abscondere,
1827 772 1863 807 in
1881 780 2062 807 :eternum
2091 781 2131 808 ut
2158 772 2357 808 delectatio

1364 840 1523 868 maneat.
1550 835 1650 868 Intra
1670 832 1707 868 in
1728 831 1942 868 cubiculum
1962 831 2084 881 pacis,
2108 832 2144 867 in
2169 832 2356 881 potentias

1367 891 1540 936 l)omini;
1571 891 1656 939 quia
1689 904 1759 940 pax
1791 891 1827 927 in
1859 891 1997 926 virtute
2026 889 2120 939 ejus.
2149 895 2357 928 Memorare

1358 949 1512 998 justitiae
1531 949 1612 998 ejus
1631 950 1766 995 solius,
1790 958 1831 985 ut
1851 950 1887 985 in
1909 958 1943 985 te
1963 949 2032 985 sibi
2056 949 2213 986 obvient
2232 964 2303 1000 pax
2321 959 2358 987 et

1359 1008 1516 1057 justitia.
1551 1013 1758 1045 Memorare
1790 1009 1944 1058 justitiae
1979 1009 2060 1058 ejus
2098 1011 2235 1056 solius,
2269 1012 2356 1060 quia

1316 1063 1343 1096 Β
1363 1068 1454 1116 qnid
1477 1067 1592 1105 habes
1614 1069 1717 1118 quod
1740 1082 1814 1105 non
1836 1069 2009 1117 accepisti
2027 1067 2068 1104 ⁶?
2091 1070 2251 1106 Justitiae
2277 1070 2357 1119 ejus

1361 1128 1489 1164 solius.
1512 1131 1615 1164 Bona
1636 1127 1804 1176 justitia,
1827 1141 1938 1177 quam
1961 1128 2140 1164 adversus
2168 1129 2356 1166 titillantia

1360 1186 1449 1223 vitia
1468 1186 1532 1223 tibi
1550 1200 1675 1236 pugna
1690 1187 1848 1236 quadam
1870 1187 2051 1224 defendis.
2080 1188 2260 1232 Felicior,
2291 1188 2357 1225 ubi

1362 1258 1438 1282 non
1459 1246 1612 1283 dimicas
1629 1259 1698 1295 pro
1711 1246 1853 1294 justitia
1866 1274 1875 1290 ‚
1895 1246 1960 1282 sed
1978 1247 2092 1295 magis
2109 1247 2305 1285 delectaris
2318 1248 2356 1284 in

1361 1319 1404 1342 ea
1424 1320 1431 1341 ε
1453 1306 1517 1342 ubi
1533 1319 1607 1342 non
1627 1307 1891 1343 conflictationi
1921 1306 2049 1343 studes
2062 1334 2071 1349 ‚
2091 1307 2155 1344 sed
2184 1307 2352 1345 delecta-

1362 1365 1479 1410 tioni;
1511 1378 1587 1401 non
1616 1366 1705 1402 seris
1733 1379 1816 1402 cum
1837 1366 1938 1402 vitiis
1954 1366 2121 1415 jurgium
2135 1394 2144 1410 ,
2167 1366 2232 1403 sed
2253 1380 2356 1403 eom-

1363 1424 1543 1460 mercium
1562 1437 1645 1461 cum
1664 1425 1801 1460 virtute
1820 1425 2022 1461 contrahis.
2042 1429 2153 1462 Istam
2172 1426 2355 1475 possides,

1363 1495 1439 1518 non
1470 1483 1669 1532 impugnas
1701 1483 1781 1528 illa;
1817 1482 1882 1519 ubi
1914 1484 2166 1532 posteriorum
2193 1483 2353 1531 oblitus,

1363 1555 1439 1580 non
1462 1543 1602 1590 cogitas
1623 1555 1705 1591 quae
1725 1542 1909 1588 hominis,
1932 1542 1996 1578 sed
2014 1556 2097 1592 quae
2117 1544 2271 1580 Domini
2288 1572 2298 1589 ,
2320 1552 2358 1581 et

1363 1601 1582 1637 memoraris
1601 1601 1755 1650 justitiae
1787 1601 1868 1650 ejus
1890 1602 2027 1646 solius,
2045 1615 2128 1638 cum
2145 1602 2290 1651 justitia
2319 1611 2357 1639 et

1364 1675 1437 1711 pax
1458 1661 1495 1696 in
1516 1670 1550 1696 te
1571 1662 1747 1698 oseulatae
1765 1674 1803 1697 se
1825 1661 1974 1697 suerint.
1995 1665 2158 1710 Regnum
2172 1662 2271 1698 enim
2288 1664 2357 1698 Dei

1354 1722 1503 1766 justitia
1516 1749 1527 1765 ,
1560 1730 1594 1755 et
1623 1734 1707 1768 pax
1721 1749 1728 1762 ,
1764 1729 1800 1756 ec
1839 1722 2018 1769 gandium
2033 1727 2059 1756 7,
2102 1721 2138 1757 Si
2176 1733 2353 1769 regnum,

1363 1793 1479 1829 quare
1507 1793 1583 1815 non
1613 1788 1649 1816 et
1680 1780 1815 1816 domus
1848 1788 1885 1815 et
1918 1779 2158 1816 cubiculum?
2186 1784 2233 1816 Ia
2258 1794 2357 1828 pace

306 1833 388 1882 ejus
408 1836 562 1883 castiges
585 1850 779 1872 censuram
797 1852 804 1873 :
823 1837 1040 1886 hujusmodi
1065 1852 1181 1887 opera
1203 1851 1298 1888 ope—
1316 1839 1342 1874 C
1362 1839 1461 1875 enim
1480 1837 1608 1885 fiis-tas
1627 1847 1679 1873 est
1699 1841 1798 1873 locas
1817 1839 1892 1884 ejas
1903 1866 1913 1882 ,
1947 1847 1982 1873 ee
2007 1838 2187 1874 hahitatio
2212 1839 2288 1884 (jus
2316 1844 2355 1874 in

306 1895 443 1930 rareio
463 1895 619 1932 sabbato
646 1905 720 1933 tuo.
744 1898 920 1946 Alioquin
940 1898 969 1933 si
991 1911 1118 1942 vacas,
1150 1906 1188 1934 et
1215 1899 1296 1934 tali-

307 1951 377 1989 bus
407 1966 482 1989 non
513 1968 622 1991 vacas
656 1956 807 2000 studiis,
841 1957 1001 1993 saeilein
1019 1970 1138 1993 vacuo
1170 1958 1296 1993 animo

305 2013 549 2060 cogitationes
570 2028 675 2051 vanae
693 2023 729 2051 et
751 2024 933 2052 venenata
952 2025 1154 2065 erumpent
1171 2016 1297 2052 consi-

305 2073 365 2108 lia.
387 2074 558 2122 Denique
587 2075 681 2111 sicut
709 2074 845 2121 babes,
862 2079 1002 2124 Agrum
1023 2076 1180 2111 hominis
1194 2080 1297 2123 pIgrc'

304 2137 435 2167 urticoe
467 2142 501 2168 et
529 2138 651 2181 spinoe
671 2133 894 2177 obsident²‚
928 2143 965 2170 et
997 2135 1198 2183 Evangelia
1230 2133 1295 2170 tibi

304 2192 435 2227 dicunt
454 2193 540 2240 quia
558 2195 630 2228 duo
645 2202 750 2228 erunt
768 2195 804 2228 in
826 2196 915 2229 lecto
929 2209 941 2237 ‚·
960 2207 1052 2230 unus
1075 2202 1293 2238 assumetur,

305 2254 403 2286 altr-r
438 2250 698 2299 relinquetur-³.
736 2253 846 2299 Quasi
886 2253 1003 2289 lectus
1049 2252 1200 2301 quidam
1241 2261 1296 2289 est

303 2311 422 2347 otiosa
451 2311 524 2347 vita
549 2320 585 2347 et
607 2312 732 2360 quieta
752 2312 788 2347 in
809 2313 979 2348 Ecclesiae
995 2312 1137 2360 gremio
1156 2311 1295 2360 degen-

303 2369 415 2415 tium,
435 2383 565 2406 eorum
584 2371 647 2420 qui
669 2372 772 2407 nullo
798 2380 884 2407 sunt
906 2371 1143 2407 ecclesiastici
1167 2384 1296 2407 mune-

302 2429 352 2465 ris
372 2442 487 2465 onere
507 2430 700 2478 occupati,
724 2443 790 2465 nec
813 2430 1060 2479 providentiae
1078 2438 1113 2465 et
1138 2430 1293 2479 dispen-

299 2489 454 2525 sationis
471 2489 721 2525 sollicitudine
732 2490 898 2535 distenti,
917 2490 980 2525 sed
997 2490 1117 2525 libero
1138 2498 1295 2526 utuntur

301 2547 380 2582 otio
401 2546 470 2583 sub
498 2548 620 2583 alieno
650 2549 842 2596 regimine.
875 2553 956 2585 Non
978 2557 1099 2585 tamen
1123 2549 1192 2584 hoc
1214 2549 1292 2584 otio

1361 1897 1490 1933 Si0n8.
1523 1896 1723 1945 Ingredere
1754 1897 1791 1932 in
1824 1896 2037 1933 cubiculum
2080 1897 2205 1946 pacis,
2246 1897 2356 1946 liujus

1361 1957 1513 2005 quidem
1554 1957 1772 2002 exterioris,
1808 1956 1872 1993 sed
1910 1957 2025 2005 magis
2059 1957 2160 1994 illius
2196 1957 2355 1993 interio-

1362 2016 1432 2061 ris,
1461 2016 1499 2052 in
1528 2012 1797 2052 habitationem
1821 2016 2087 2066 speculationis
2117 2029 2124 2051 :
2157 2016 2243 2065 quia
2267 2017 2354 2054 Sion

1361 2075 1576 2124 Speculatio
1597 2075 1877 2124 interpretatur.
1896 2079 1942 2111 Ia
1955 2089 2067 2124 pace,
2091 2075 2232 2124 inquit,
2251 2078 2289 2110 ia
2304 2077 2356 2110 irl-

1362 2139 1481 2182 ipsum
1516 2136 1698 2169 dormiam
1728 2143 1763 2169 et
1800 2139 2028 2182 requiescam
2048 2141 2076 2170 9.
2109 2136 2280 2182 Idipsum
2309 2133 2356 2170 ad

1361 2193 1655 2242 speculationem
1673 2193 1787 2228 refert
1801 2222 1810 2238 ,
1830 2193 1917 2241 quia
1935 2193 2013 2229 haec
2032 2200 2088 2230 est
2108 2205 2193 2242 pars
2213 2193 2355 2242 optima

1361 2265 1445 2301 quae
1469 2265 1544 2287 non
1566 2252 1766 2288 auferetur.
1787 2252 1961 2300 Denique
1987 2261 2024 2288 et
2050 2265 2187 2302 sponsa
2213 2251 2355 2288 obdor-

1361 2311 1469 2346 mivit
1496 2323 1580 2346 cum
1616 2309 1752 2346 dilecto
1777 2310 1815 2346 in
1843 2309 2015 2346 eubiculo
2043 2311 2170 2347 matris
2198 2323 2292 2357 suae‚
2319 2318 2356 2347 et

1360 2369 1560 2418 quemdam
1592 2382 1698 2418 passa
1723 2378 1778 2405 cst
1801 2378 1986 2418 soporatae
2008 2370 2142 2407 mentis
2161 2383 2354 2407 excessum

1356 2429 1396 2464 in
1418 2429 1594 2477 amplexu
1611 2428 1753 2477 sponsi.
1771 2427 1860 2464 Ideo
1877 2428 2063 2477 sequitur,
2095 2429 2239 2474 Adsum
2264 2442 2353 2473 vos,

1358 2496 1395 2524 et
1416 2496 1563 2523 cretera.

1412 2548 1447 2582 3.
1471 2550 1515 2582 Et
1533 2555 1570 2582 tu
1588 2559 1676 2595 ergo
1694 2546 1723 2582 si
1743 2559 1923 2595 sponsum
1940 2546 2236 2595 apprehendisti,
2253 2555 2352 2593 tene,

301 2618 432 2641 omncs
462 2606 530 2641 rite
557 2615 592 2641 et
617 2606 703 2654 jun¹
724 2606 853 2643 debito
875 2608 1068 2651 fruuntur,
1092 2607 1155 2643 sed
1177 2606 1290 2643 liber-
1310 2607 1340 2640 D
1358 2619 1424 2642 nec
1442 2606 1627 2649 dimittas,
1648 2606 1769 2641 donec
1787 2605 2003 2642 introducas
2020 2606 2058 2641 in
2075 2606 2228 2643 domum
2256 2615 2293 2643 et
2314 2607 2352 2643 in

302 2672 411 2699 tatem
443 2677 553 2713 quam
581 2665 753 2701 obtinent
783 2667 984 2715 temporis,
1008 2666 1098 2702 dant
1124 2667 1160 2702 in
1182 2679 1291 2702 occa-

300 2723 444 2759 sionem
467 2725 657 2773 temporis.

355 2783 388 2817 2.
420 2786 544 2818 Bonus
575 2784 673 2819 enim
707 2783 845 2828 lectus,
884 2784 912 2819 si
949 2784 1032 2832 quis
1059 2797 1104 2819 eo
1132 2783 1292 2832 legitime

302 2849 448 2887 utatur,
469 2851 503 2878 et
527 2844 848 2892 opportunitatem
877 2845 1074 2880 exterioris
1099 2844 1234 2893 quietis
1255 2844 1291 2878 in

303 2901 534 2948 xoluptatem
558 2911 754 2937 convertat
774 2903 927 2938 visionis
950 2903 1121 2943 internae.
1141 2902 1185 2938 lli
1207 2910 1294 2938 sunt

304 2960 367 3008 qui
399 2969 636 2996 assumentur
668 2960 714 2996 al)
743 2961 813 2996 hoe
845 2962 1014 2997 licrlesim
1040 2961 1215 2997 cubiculo
1247 2961 1291 2996 ad

306 3018 397 3053 illud
432 3019 599 3063 coeleste,
627 3028 666 3054 ut
694 3019 756 3054 ubi
786 3021 952 3056 Christus
972 3029 1048 3064 est,
1071 3029 1108 3056 et
1135 3019 1186 3056 ibi
1220 3020 1294 3056 sint

304 3090 388 3112 eum
407 3077 502 3126 ipso.
526 3078 695 3126 Denique
712 3077 775 3113 ubi
798 3079 908 3114 suerit
925 3092 1082 3128 corpus,
1105 3079 1179 3115 illic
1200 3091 1293 3115 con-

1358 2664 1569 2701 cubiculum
1590 2665 1716 2701 matris
1739 2673 1823 2701 tute.
1845 2665 1942 2712 Quid
1961 2678 2030 2714 ego
2047 2678 2148 2701 nunc
2179 2665 2244 2702 tibi
2265 2679 2352 2715 per-

1357 2724 1520 2769 suadeo,
1548 2723 1593 2759 ad
1622 2724 1723 2772 quod
1751 2732 1785 2759 te
1817 2724 1897 2773 ipsa
1917 2725 2147 2773 experientia
2169 2733 2354 2774 percepta:

1359 2783 1566 2819 dulcedinis
1584 2783 1700 2818 multo
1724 2783 1839 2831 magis
1855 2783 1988 2819 invitat
2005 2791 2041 2819 et
2059 2784 2196 2819 allicit?
2217 2784 2253 2819 Si
2270 2784 2354 2832 quis

1359 2842 1456 2877 enim
1489 2841 1619 2877 feriato
1648 2841 1774 2877 animo
1805 2843 1930 2877 l‘urtim
1960 2851 1997 2878 et
2029 2843 2134 2891 quasi
2172 2843 2209 2878 in
2246 2851 2353 2892 raptu

1359 2900 1555 2950 praelilmre
1596 2901 1717 2950 potuit
1763 2901 1890 2937 libcrae
1930 2902 2182 2939 meditationis
2222 2902 2351 2939 festiva

1358 2960 1515 3009 gandia,
1544 2962 1670 2996 nescio
1687 2961 1715 2997 si
1733 2961 1823 3009 quid
1852 2974 2017 3009 unquam
2044 2960 2221 2998 libentius
2247 2969 2350 3009 agat,

1358 3033 1469 3069 quam
1501 3029 1541 3056 ut
1570 3020 1656 3056 liuie
1689 3028 1806 3056 totum
1838 3029 1873 3055 et
1906 3034 1949 3055 ex
1984 3020 2130 3068 integro
2158 3033 2197 3056 se
2226 3020 2351 3056 studio

1361 3078 1480 3114 tradat
1497 3087 1532 3114 et
1550 3079 1738 3128 expediat.
1759 3079 1932 3128 Denique
1951 3078 2147 3115 trahebant
2175 3091 2349 3128 sponsam

351 3217 359 3231 ¹
385 3211 454 3242 lsai.
475 3222 553 3248 xxv,
582 3215 608 3242 1.
632 3231 658 3233 -
698 3217 708 3232 ²
737 3215 827 3242 l‘rov.
847 3223 936 3248 xxiv,
957 3216 999 3242 30
1015 3237 1021 3246 .
1046 3216 1099 3243 31.
1121 3232 1156 3236 —
1187 3211 1201 3235 3
1226 3216 1295 3243 Luc.
1317 3223 1405 3250 xvii,
1427 3215 1482 3242 33.
1506 3230 1549 3234 ——-
1577 3212 1589 3237 ⁷⁶
1614 3211 1725 3243 Mauh.
1754 3223 1846 3248 xxiv,
1874 3214 1925 3242 28.
1943 3229 1982 3233 —-
2005 3209 2103 3242 ⁵1sai.
2121 3223 2214 3250 xxvi,
2233 3215 2289 3242 20.
2315 3231 2347 3234 ›—

303 3263 319 3284 ’Ἰ
335 3267 343 3294 Ι
362 3268 431 3294 (lor.
455 3275 498 3301 ιν,
523 3267 553 3295 7.
570 3282 610 3286 -—
632 3271 643 3294 Ἰ
663 3267 752 3295 Rom.
778 3275 844 3299 xiv,
876 3267 925 3295 17.
949 3281 988 3286 —-
1014 3265 1026 3285 ὅ
1044 3265 1121 3295 l‘sal.
1144 3277 1241 3302 mxxv,
1260 3269 1290 3295 3.
1319 3284 1345 3287 fl
1369 3265 1476 3295 arsat.
1496 3276 1538 3300 ιν,
1563 3267 1593 3293 (J.

356 3328 361 3339 ¹
383 3325 437 3354 llic
453 3335 595 3355 sermoni
614 3324 718 3354 codiee
736 3324 828 3355 Vallis
844 3325 938 3354 (Itan-a·
960 3325 1156 3355 continuatur
1173 3336 1241 3355 cum
1259 3324 1420 3365 superiori.

2500 446 2504 450 .
2495 96 2504 404 —ssnae——f
