2418 3949
196 243 293 280 1085

183 318 431 369 impossibilia
452 318 661 356 secundum
687 318 889 356 humanam
913 319 1095 355 rationem
1118 313 1218 353 vi·²¹'¹

791 242 1075 280 TRACTATUS
1102 242 1167 276 DE
1197 239 1351 275 STATU
1379 241 1647 278 VIRTUTUM.

1223 313 1237 332 ³
1250 332 1264 347 »
1282 322 1337 351 est
1359 317 1480 353 oratio
1501 331 1574 354 una
1596 318 1827 367 obedientis,
1847 334 1960 370 quam
1981 322 2110 360 decem
2130 325 2244 361 millia

2147 246 2243 281 1080

183 379 337 424 dentur,
374 378 403 415 si
434 378 506 415 sibi
539 392 559 414 a
591 378 748 428 praelato
779 378 1039 427 injungantur.
1068 375 1177 414 Multi
1195 377 1224 412 A
1248 377 1552 425 »contemptoris
1566 378 1591 414 3.
1621 396 1635 411 »
1660 378 1883 416 Obedientia
1913 382 2064 430 quidem
2097 384 2241 420 oratio-

181 438 281 474 enim
303 446 519 474 sanctorum
532 466 541 483 ,
562 437 763 474 humanam
782 438 964 474 rationem
987 436 1060 473 tide
1077 444 1180 472 tran-

181 496 424 542 scendentes,
462 509 577 546 supra
619 510 754 546 aquam
789 496 1100 541 ambulaverunt,
1141 503 1178 530 ct

182 565 330 592 montes
351 555 396 592 de
418 556 509 592 locis
529 555 604 591 suis
624 563 880 592 removerunt.

236 616 297 652 25.
322 619 429 652 Nunc
448 628 531 664 quae
560 615 607 651 sit
636 614 860 651 obedientiae
884 614 1044 663 dignitas
1064 620 1178 650 restat

180 675 393 711 ostendere.
415 674 586 723 Dignitas
611 687 703 710 vero
734 673 960 710 obedientiae
989 673 1177 709 simillima

180 737 262 770 Deo
279 742 346 770 est.
366 733 438 781 Qui
460 733 560 769 enim
581 733 801 783 simpliciter
816 732 1032 769 charitatem
1053 741 1177 769 servat

182 793 219 828 in
236 792 422 837 moribus,
439 791 722 828 similitudinem
741 792 808 828 Dei
830 800 943 828 tenet.
961 791 1033 839 Qui
1051 799 1176 827 autem

180 864 265 887 cum
295 851 475 887 charitate
506 850 616 885 etiam
644 849 819 898 jejuniis,
850 849 1001 898 vigiliis,
1032 857 1070 885 et
1097 849 1178 885 aliis

180 910 364 947 virtutum
386 908 581 946 laboribus
604 909 805 957 vigilanter
835 909 991 954 insistit,
1013 913 1094 946 Deo
1125 909 1178 944 si-

180 969 306 1005 milior
321 976 388 1005 est.
410 967 482 1015 Qui
503 980 594 1003 vero
615 980 699 1003 cum
722 967 778 1003 his
797 967 975 1004 omnibus
992 966 1064 1004 sub
1083 967 1177 1003 alte-

178 1027 257 1064 rius
275 1035 482 1077 potestate,
510 1026 736 1063 obedientiae
755 1027 910 1063 vinculo
933 1026 1174 1076 semetipsum

1245 446 1331 469 nem
1349 434 1475 482 dirigit
1491 435 1537 471 ad
1554 437 1688 473 coelum
1703 465 1713 483 ,
1736 452 1819 488 quae
1835 440 1914 475 sine
1932 440 2145 478 obedientia
2162 456 2237 478 non

1243 492 1410 528 aseendit
1437 494 1483 529 ad
1506 496 1710 532 Dominum
1724 525 1733 542 ,
1755 497 1849 534 sicut
1875 507 1911 534 et
1932 500 2026 549 lapis
2047 501 2239 550 projeetus

1243 550 1290 586 ad
1310 551 1447 587 coelum
1470 565 1546 589 non
1563 554 1724 603 attingit.
1748 556 1815 592 Vir
1831 556 2011 595 obediens
2030 561 2184 597 conlidit
2201 570 2240 597 ut

1242 609 1302 645 leo
1330 618 1396 645 :et
1423 612 1743 659 quemadmodum
1778 616 1835 651 leo
1863 630 1939 654 non
1969 618 2114 655 viribus
2138 621 2241 665 aliis,

1242 668 1307 704 sed
1330 668 1367 705 in
1388 670 1533 707 viribus
1551 674 1696 722 proprii
1717 677 1881 723 pectoris
1900 679 2076 723 conlidit,
2102 693 2170 715 nee
2191 680 2237 716 ad

1241 726 1400 776 alicujus
1419 727 1549 766 bestiae
1568 740 1681 780 pavet
1702 746 1918 782 occursum;
1940 737 1990 773 ita
2010 746 2047 773 et
2067 739 2125 775 vir
2142 739 2236 774 obe-

1243 785 1350 823 diens
1378 799 1455 823 non
1476 788 1515 824 in
1536 789 1695 826 aliorum
1726 793 1896 829 oratione
1923 804 1960 831 et
1987 797 2082 843 vita,
2115 799 2178 834 sed
2202 799 2239 834 in

1243 845 1400 894 propria
1420 848 1649 885 conscientia
1675 850 1872 899 gloriatur,
1886 853 1997 902 juxta
2018 856 2110 892 illud
2133 862 2239 906 Apo-

1243 904 1352 949 stoli,
1379 907 1505 941 Gloria
1526 917 1650 944 nostra
1670 910 1752 945 ltoec
1778 921 1848 957 est,
1874 919 2120 952 testimonium
2150 932 2240 951 cotz-

1241 966 1413 999 scientc'oe
1445 968 1624 1013 nostrast,
1650 981 1720 1005 nec
1750 970 1797 1006 ad
1827 972 2010 1010 malarum
2036 974 2239 1012 bestiarum

1242 1030 1358 1070 pavet
1387 1036 1602 1062 occursum.
1633 1027 1670 1063 Si
1699 1028 1798 1064 enim
1829 1032 1994 1068 occurrit
2024 1034 2057 1069 ei
2089 1035 2242 1083 spiritus

179 1086 288 1136 ligat,
318 1094 355 1123 et:
383 1086 429 1123 ad
460 1086 694 1122 voluntatem
718 1093 755 1121 et
784 1085 986 1135 imperium
1009 1084 1177 1134 magistri
1196 1082 1224 1116 B
1243 1080 1410 1117 avaritiae
1439 1084 1499 1119 vel
1533 1085 1747 1133 superbiae,
1777 1089 1834 1124 vel
1867 1090 2150 1137 fornicationis,
2183 1096 2240 1130 rel

179 1159 248 1196 per
275 1146 401 1182 omnia
429 1145 588 1195 pendet,
611 1144 864 1181 obedientiam
887 1157 1042 1181 servans
1058 1157 1178 1193 usque

178 1204 225 1240 ad
247 1212 427 1248 mortem,
445 1207 527 1240 Deo
543 1203 753 1240 simillimus
770 1212 838 1240 est.
856 1203 1033 1241 Meritum
1050 1211 1176 1240 autem

177 1262 405 1299 obedientiae
437 1262 475 1298 in
508 1275 625 1312 regno
652 1262 724 1298 erit
752 1262 860 1309 vitae,
894 1270 1074 1311 tantoque
1105 1262 1180 1298 illic

177 1322 338 1371 quisque
368 1322 621 1358 constituetur
651 1320 864 1367 sublimior,
886 1330 1028 1371 quanto
1047 1321 1109 1358 hic
1140 1321 1179 1358 in

177 1380 258 1429 ipsa
274 1379 491 1417 obedientia
507 1388 634 1417 manet
644 1381 873 1430 perfectior3
894 1390 932 1417 et
948 1381 1001 1417 illi
1018 1381 1179 1418 maxime

176 1447 371 1476 merentur
399 1438 593 1475 sublimari
626 1453 645 1475 a
685 1443 793 1485 Deo,
828 1439 892 1488 qui
926 1439 1177 1488 virginitatem

176 1495 403 1534 obedientiae
422 1511 540 1547 usque
560 1497 607 1534 ad
630 1506 792 1534 mortem
822 1506 986 1534 servant.
1014 1498 1180 1546 Virgini-

178 1565 290 1593 tatem
309 1556 533 1593 obedientiae
553 1569 733 1593 vocamus
749 1555 975 1593 obedientiae
1000 1557 1180 1593 incorru-

178 1616 370 1666 ptionem,
405 1617 545 1653 scilieet
578 1629 663 1653 cum
694 1616 778 1665 quis
807 1630 854 1652 ex
889 1629 966 1665 quo
1000 1616 1178 1665 magistro

178 1689 217 1713 se
245 1675 436 1722 subdidit,
455 1677 557 1713 nulla
584 1676 677 1712 hora
696 1676 755 1712 vel
773 1684 878 1721 actu,
904 1676 964 1711 vel
985 1676 1178 1711 voluntate

177 1736 248 1772 suit
266 1735 515 1772 inobediens:
541 1744 578 1772 et
603 1735 700 1772 sicut
731 1735 769 1771 in
796 1747 912 1784 regno
936 1734 1022 1771 vitae
1047 1747 1178 1770 omn-es

176 1795 241 1844 qui
260 1808 373 1831 carne
386 1802 424 1831 et
441 1794 576 1844 spiritu
594 1794 762 1843 virgines
782 1801 1088 1843 permanserunt,
1103 1793 1179 1829 vir-

1242 1138 1403 1188 quilibet
1422 1141 1516 1179 alius
1548 1145 1733 1193 malignus
1752 1148 1908 1195 spiritus
1936 1151 2001 1198 qui
2022 1151 2144 1196 dicat,
2175 1156 2241 1188 Ιη-

1244 1211 1396 1234 carvare
1416 1209 1455 1235 ιιι
1473 1203 1751 1250 transeunms⁵3
1775 1205 1854 1254 ipsa
1877 1207 2102 1246 obedientiae
2123 1212 2243 1248 virius

1245 1257 1296 1294 sic
1317 1257 1442 1307 ipsum
1463 1259 1640 1307 roborat,
1666 1270 1708 1298 ut
1737 1276 1814 1300 non
1835 1265 2071 1314 incurvetur,
2097 1270 2160 1306 sed
2184 1272 2242 1307 vi-

1245 1325 1327 1353 ctor
1344 1326 1518 1356 transeat.
1540 1323 1615 1357 Nec
1636 1322 1785 1359 mirum.
1807 1327 1872 1360 Est
1891 1327 1989 1362 enim
2014 1328 2132 1365 virtus
2149 1330 2243 1366 obe—

1245 1376 1396 1413 dientiae
1421 1379 1520 1415 salus
1545 1381 1715 1417 omnium
1739 1382 1927 1431 fidelium3
1951 1386 2167 1425 obedientia
2188 1399 2243 1426 est

1244 1436 1406 1484 genitrix
1427 1439 1600 1475 omnium
1626 1441 1834 1488 virtutum,
1861 1444 2077 1483 obedientia
2103 1457 2157 1484 est
2180 1450 2241 1485 in-

1244 1494 1395 1530 ventrix
1422 1497 1527 1545 regni
1556 1499 1760 1545 eoeloruin;
1784 1501 2000 1541 obedientia
2026 1515 2082 1542 est
2106 1509 2241 1544 coelum

1244 1554 1439 1602 aperiens,
1468 1564 1506 1592 et
1528 1556 1721 1594 hominem
1749 1559 1795 1596 de
1826 1569 1924 1598 terra
1952 1564 2125 1611 elevans;
2152 1567 2244 1603 ohe-

1244 1611 1387 1649 dientia
1407 1622 1463 1650 est
1482 1615 1732 1653 cohabitatrix
1751 1620 1983 1668 Angelorum
1999 1638 2008 1669 ;
2028 1623 2244 1663 obedientia

1244 1680 1299 1708 est
1314 1681 1529 1710 sanctorum
1547 1676 1718 1712 omnium
1737 1677 1843 1715 cibus
1864 1693 1871 1715 ε
1892 1693 1938 1716 ex
1955 1681 2023 1718 hac
2043 1684 2142 1720 enim
2158 1699 2244 1721 san—

1242 1732 1291 1767 cti
1316 1731 1490 1770 ablactati
1510 1742 1616 1781 sunt,
1639 1744 1676 1771 et
1695 1749 1764 1785 per
1789 1737 1885 1775 lianc
1904 1740 1951 1776 ad
1971 1742 2241 1790 perfectionem

1243 1800 1444 1829 venerunt.

176 1855 369 1903 ginitatem
395 1863 518 1891 tamen
547 1853 774 1891 obedientiae
801 1867 877 1890 non
907 1861 1174 1898 servaverunt,
1197 1852 1224 1887 C
1296 1850 1357 1887 27.
1386 1854 1478 1888 Item
1511 1861 1598 1889 sunt
1616 1854 1678 1891 alii
1699 1856 1800 1893 modi
1821 1858 1886 1906 qui
1911 1859 1956 1895 ad
1985 1859 2239 1898 obedientiam

175 1914 364 1950 canticum
391 1926 533 1950 novum
566 1913 772 1950 cantabunt
794 1917 925 1962 Agno,
949 1925 1025 1949 non
1054 1922 1178 1949 tamen

175 1972 363 2009 canticum
383 1972 607 2021 virginitatis
624 1971 868 2017 obedientiae3
886 1972 938 2008 sic
956 1985 976 2008 e
995 1985 1178 2009 converso

176 2044 308 2068 omnes
331 2032 395 2081 qui
417 2032 454 2068 in
474 2032 689 2082 virginitate
710 2031 936 2068 obedientiae
960 2045 1179 2081 permanse-

178 2099 286 2137 runt,
301 2099 338 2128 et
353 2091 605 2141 virginitatem
624 2092 746 2128 carnis
769 2101 806 2128 et
824 2091 978 2141 spiritus
1004 2105 1080 2128 non
1101 2105 1179 2128 ser-

176 2159 376 2196 vaverunt,
399 2151 467 2187 etsi
498 2163 575 2187 non
601 2151 789 2187 canticum
816 2151 1027 2199 virginum,
1053 2151 1178 2187 canti-

176 2223 262 2246 cum
295 2218 419 2246 tamen
453 2209 678 2260 virginitatis
712 2209 939 2246 obedientiae
971 2209 1179 2246 cantabunt

179 2281 306 2304 coram
340 2268 507 2305 Domino
533 2277 575 2305 et
603 2272 727 2318 Agno.

230 2326 293 2363 26.
328 2330 463 2376 Magna
488 2335 544 2364 est
572 2340 662 2377 ergo
684 2327 804 2364 virtus
827 2326 1073 2374 obedientiae,
1093 2341 1177 2377 quae

175 2385 222 2422 de
245 2386 435 2435 corrupt-is
465 2387 751 2436 quodammodo
771 2387 938 2436 virgines
962 2388 1060 2424 facit.
1088 2391 1177 2424 Haec

175 2443 297 2481 virtus
313 2444 449 2481 milites
464 2445 600 2482 Christi
617 2444 721 2481 ducit
736 2458 805 2494 per
821 2445 946 2494 ignem
963 2452 1001 2481 et
1017 2458 1151 2494 aquam
1164 2473 1173 2491 ,

175 2511 218 2540 ut
244 2511 435 2540 transeant
466 2504 503 2540 in
534 2504 793 2554 resrigerium3
817 2503 955 2553 probat
974 2517 1057 2549 eos,
1079 2517 1173 2553 pro-

175 2561 360 2612 batosque
376 2562 498 2599 reddit
513 2563 716 2613 perfectos,
734 2571 771 2599 et
784 2564 870 2612 quia
886 2564 1074 2613 perfectos
1089 2564 1174 2600 ideo

1244 1910 1435 1958 pertinere
1454 1912 1643 1958 videntur,
1664 1928 1748 1951 cuni
1768 1924 1890 1954 tamen
1911 1919 2047 1956 veritas
2064 1920 2242 1958 obedien-

1246 1969 1305 2006 tiae
1323 1970 1360 2006 in
1378 1971 1431 2007 eis
1447 1985 1524 2008 non
1544 1973 1600 2009 sit.
1619 1976 1715 2010 Sunt
1732 1977 1831 2012 enim
1852 1978 1916 2026 qui
1934 1980 2149 2028 magistrum
2169 1981 2240 2017 sibi

1244 2029 1388 2077 eligunt
1415 2029 1592 2077 idiotam,
1625 2046 1700 2069 non
1734 2043 1774 2070 ut
1805 2036 1838 2071 ei
1871 2036 2074 2085 obediant,
2105 2040 2169 2076 sed
2201 2050 2241 2077 ut

1244 2100 1330 2124 euin
1353 2090 1558 2126 secundum
1584 2105 1688 2128 suam
1710 2095 1898 2132 carnalem
1918 2098 2149 2135 voluntatem
2172 2101 2240 2136 lle-

1245 2156 1345 2184 ctere
1365 2149 1538 2195 valeant3
1562 2151 1621 2186 vel
1652 2152 1795 2201 eligunt
1826 2155 2048 2203 litteratum,
2069 2159 2132 2206 qui
2160 2173 2240 2195 ear-

1244 2207 1380 2244 naliter
1399 2208 1523 2253 vivat,
1545 2218 1583 2246 et
1600 2212 1800 2249 carnaliter
1819 2213 1947 2263 diligat
1976 2215 2238 2267 obsequentes.

1244 2267 1293 2304 Hi
1313 2281 1404 2317 ergo
1424 2268 1489 2317 qui
1510 2282 1587 2306 non
1608 2279 1650 2306 ut
1670 2272 1835 2308 Domino
1864 2275 2057 2323 placeant,
2085 2278 2147 2313 sed
2171 2292 2240 2327 pro

1244 2326 1564 2376 concupiscentiis
1592 2329 1668 2366 suis
1688 2331 1899 2368 nutriendis
1928 2333 1964 2369 in
1991 2337 2242 2374 exterioribus

1243 2383 1399 2420 obedire
1435 2385 1614 2423 videntur
1630 2416 1640 2433 ‚
1675 2398 1775 2425 reete
1814 2392 2011 2429 Ismaelitae
2044 2394 2236 2432 dicuntur.

1241 2443 1429 2480 Ismaelita
1456 2457 1619 2494 namque
1645 2447 1915 2497 interpretatur
1936 2451 2014 2488 Sibi
2043 2452 2238 2492 obediens.

1241 2505 1307 2538 Est
1325 2510 1363 2538 et
1382 2502 1598 2541 obedientia
1618 2519 1663 2541 ex
1688 2507 1802 2544 nimia
1823 2509 2061 2558 simplicitate
2081 2512 2242 2550 descen-

1241 2560 1356 2606 dens,
1384 2575 1497 2611 quam
1525 2564 1731 2601 fatuitatem
1759 2568 2017 2616 appellamus,
2042 2585 2126 2608 cum
2158 2575 2242 2622 quis

176 2622 338 2658 victores
356 2636 364 2658 :
383 2622 440 2657 vir
454 2622 554 2658 enim
573 2622 756 2660 obediens
770 2623 942 2672 loquitur
956 2623 1133 2660 victorias
1149 2630 1172 2660 ¹.
1193 2623 1225 2656 D
1244 2629 1318 2657 tam
1335 2621 1371 2657 in
1388 2622 1513 2667 malis,
1535 2637 1648 2672 quam
1668 2625 1704 2660 in
1723 2624 1833 2662 bonis
1848 2626 2003 2664 obedire
2017 2633 2210 2668 contendit
2230 2648 2236 2668 :

176 2679 367 2717 Obediens
386 2680 486 2716 enim
507 2681 819 2730 quotiescumque
839 2681 979 2730 aliquid
998 2695 1172 2731 asperum

176 2747 216 2776 et
238 2738 390 2776 difficile
413 2739 447 2776 ei
472 2739 706 2788 injungitur,
727 2740 757 2776 si
787 2740 911 2789 gladio
934 2741 1115 2791 praecepti
1135 2755 1174 2778 se

177 2797 300 2847 ipsum
334 2806 472 2835 mactat
496 2807 533 2834 et
560 2799 727 2835 Domino
755 2799 965 2844 sacrificat,
1000 2812 1172 2847 magnam

177 2856 347 2905 loquitur
364 2856 558 2893 victoriam
575 2887 584 2904 ,
602 2858 689 2906 quia
706 2870 744 2893 se
762 2857 883 2907 ipsum
905 2857 1031 2893 vincit.
1056 2859 1174 2894 Multo

178 2915 277 2951 enim
311 2915 444 2951 melior
476 2924 532 2951 est
562 2915 779 2952 obedientia
813 2929 925 2965 quam
961 2916 1173 2954 victimae²2

178 2973 267 3022 quia
295 2986 363 3022 per
390 2974 579 3010 victimam
610 2983 793 3023 mactatur
819 2975 939 3011 aliena
969 2989 1080 3020 cart),
1109 2990 1177 3025 per

178 3032 433 3069 obedientiam
463 3046 554 3070 vero
586 3043 770 3070 mactatur
803 3035 957 3084 propria
989 3037 1174 3072 voluutas.

179 3092 245 3128 Vir
263 3091 445 3128 obediens
467 3092 633 3129 hilariter
646 3102 685 3129 et
707 3093 929 3130 fiducialiter
949 3102 1052 3139 orat;
1070 3095 1176 3143 quia,

180 3151 276 3188 sicut
296 3165 365 3201 per
386 3150 538 3188 beatum
566 3153 816 3201 Augustinum
840 3152 990 3196 dicitur,
1009 3172 1022 3184 u
1044 3155 1178 3190 Melior

237 3291 244 3305 ¹
265 3288 356 3316 l‘rov.
379 3297 457 3323 xxi,
485 3289 538 3318 2⁸.
562 3307 604 3311 ——
625 3293 636 3309 ²
656 3287 757 3318 Ecctv.
785 3299 829 3325 iv,
862 3290 912 3317 17.
939 3307 980 3310 »-
1009 3286 1021 3309 3
1046 3291 1091 3317 Ην
1114 3293 1218 3330 Opere
1243 3288 1470 3319 Mouaeliorum
1487 3314 1493 3324 ,
1518 3301 1586 3330 rap.
1614 3293 1665 3327 17,

186 3335 198 3356 5
223 3336 366 3375 lsai.=,1‚
398 3342 449 3368 7211.

1240 2694 1324 2716 cum
1344 2682 1526 2730 scriptum
1543 2684 1608 2728 sit,
1626 2684 1766 2719 Malum
1787 2697 1856 2732 pei·
1872 2685 2124 2725 obedientiam
2145 2705 2240 2728 nun-

1240 2753 1352 2788 quam
1375 2741 1454 2776 lieri
1475 2741 1635 2786 debere,
1657 2742 1720 2777 sed
1740 2742 1881 2779 bonum
1900 2745 2104 2793 aliquando
2125 2750 2236 2787 iuter-

1241 2799 1347 2835 mitti.
1379 2802 1425 2835 lit
1453 2808 1509 2835 est
1534 2799 1747 2837 ohedientia
1774 2803 2009 2852 semetipsam
2038 2806 2236 2847 indiscrete

1241 2858 1448 2903 excedens,
1471 2872 1555 2894 eum
1584 2860 1666 2907 quis
1688 2860 1800 2896 nimia
1827 2860 2030 2900 subtilitate
2056 2866 2236 2918 deeeptus

1242 2917 1408 2953 decernit
1436 2931 1520 2965 quae
1552 2917 1622 2953 sibi
1653 2919 1828 2967 praelatus
1859 2920 2056 2971 injungere
2083 2926 2236 2971 debeat,

1243 2984 1279 3011 et
1299 2989 1381 3024 quie
1403 2976 1567 3012 minime.
1591 2980 1654 3013 Est
1669 2986 1706 3013 et
1724 2977 1936 3016 obedientia
1958 2983 2129 3029 praecisa,
2151 3001 2234 3024 eum

1243 3035 1327 3083 quis
1350 3034 1418 3070 sibi
1440 3035 1582 3071 bonum
1606 3038 1807 3086 pra-eligit,
1825 3047 1863 3074 ut
1882 3053 1900 3074 a
1923 3042 2077 3088 praelato
2095 3045 2163 3081 sibi
2183 3049 2239 3083 iu-

1239 3095 1345 3143 juugi
1368 3097 1532 3144 postulet
1560 3098 1570 3146 (
1592 3097 1695 3145 quod
1725 3107 1854 3146 aperte
1887 3101 2024 3137 malum
2045 3113 2096 3138 est
2120 3105 2151 3145 l,
2175 3108 2237 3143 sed

1245 3167 1312 3203 per
1333 3154 1601 3204 impatientiam
1633 3157 1816 3205 frangitur
1837 3172 1922 3195 eum
1949 3174 1968 3195 a
1995 3164 2149 3210 pra‘lato
2172 3167 2237 3201 de—

1694 3302 1720 3320 n.
1745 3295 1798 3321 tto.
1820 3310 1859 3314 -Δ
1881 3299 1893 3317 -1
1921 3296 1946 3322 ll
1971 3297 2042 3324 (ἴον.
2072 3305 2101 3328 ι,
2134 3301 2180 3326 Γ),
2206 3317 2242 3320 —ss
