2418 3949
156 272 252 308 1429

149 348 216 379 Cap.

345 403 501 440 SCALA
529 403 945 442 CLAUSTRALIUM

292 517 374 540 s1vr.
402 517 604 540 TnacrATus
632 517 681 539 DE
709 518 814 541 mono
844 519 994 542 omnm.

272 603 421 648 Epistola
439 603 482 637 ad
498 603 640 636 fratrem
660 603 877 638 Gervasium.

154 667 162 688 ι
275 657 468 702 Descriptio
485 662 636 701 quatuor
657 657 828 702 graduum
860 658 1023 691 exercita-

321 711 458 744 tionum
476 712 720 757 spiritualium.

152 778 175 798 ιι
278 767 470 812 Descriptio
484 767 680 800 officiorum
692 772 842 812 quatuor
854 767 1042 812 graduum.

153 833 190 855 ιιι
270 821 436 854 Officium
455 821 702 855 meditationis.

151 886 185 907 ιν
276 875 440 909 Officium
455 876 636 910 orationis.

153 942 170 961 v
269 930 433 964 Officium
454 930 773 976 contemplationis.

155 998 184 1019 xi
274 986 380 1030 Signa
403 987 550 1031 Spiritus
577 987 687 1020 sancti
724 986 768 1020 ad
787 986 939 1019 animam
967 995 1022 1018 ve-

319 1040 460 1074 nientis.

153 1107 197 1127 vn
272 1096 323 1128 De
340 1096 459 1139 gratiae
484 1096 735 1130 occultatione.

154 1162 210 1183 κιαι
273 1151 379 1191 Quod
404 1150 523 1194 gratiae
537 1151 726 1184 occultatio
746 1150 789 1183 ad
803 1155 940 1194 tempus
957 1159 1021 1182 no-

323 1204 375 1238 bis
391 1210 599 1250 cooperetur
614 1205 651 1237 in
664 1204 814 1238 bonum.

154 1272 186 1293 ix
275 1262 388 1301 Quam
409 1265 509 1293 caute
533 1270 567 1293 se
601 1259 726 1292 debeat
753 1257 880 1292 habere
908 1257 1024 1291 anima

317 1319 395 1360 post
411 1314 529 1359 gratiae
547 1314 792 1348 visitationem.

153 1382 172 1403 x
271 1370 520 1414 Recapitulatio
544 1369 807 1415 praedictorum.

154 1436 186 1457 M
271 1426 339 1457 Nec
357 1424 458 1458 lectio
471 1424 544 1457 sine
558 1423 784 1457 meditatione
797 1450 805 1463 ‚
826 1433 890 1456 nec
915 1422 1023 1456 medi-

318 1477 403 1512 tatio
420 1479 494 1511 sine
518 1478 675 1511 oratione
700 1477 852 1523 prodest.

154 1545 198 1566 xn
266 1532 458 1574 Quomodo
482 1532 642 1578 praedicti
659 1533 786 1578 gradus
804 1531 1024 1566 concatenati

318 1589 387 1622 sint
409 1588 452 1621 ad
479 1589 640 1622 invicem.

154 1656 214 1677 >tin
276 1646 435 1685 Quatuor
451 1654 562 1677 causae
581 1654 645 1677 nos
661 1642 703 1677 ab
716 1643 768 1676 his
787 1647 939 1688 quatuor
953 1653 1026 1687 gra-

318 1698 421 1732 dibus
436 1699 661 1732 retrahentes.

309 1814 717 1853 MEDITATIONES
745 1813 996 1852 PIISSIMAE

254 1931 301 1953 DE
329 1929 560 1953 COGNITIONE
589 1929 745 1951 HUMANAE
775 1927 1032 1952 CONDITIONIS.

152 2037 160 2058 ι
270 2026 322 2059 De
339 2023 508 2068 dignitate
521 2022 685 2056 hominis.

154 2092 177 2113 n
272 2081 324 2113 De
348 2078 486 2112 miseria
507 2077 682 2117 hominis,
714 2076 858 2110 horrore
884 2077 1024 2115 mortis,

317 2139 350 2167 et
368 2133 584 2167 districtione
597 2133 751 2178 supremi
767 2132 909 2165 Judicis.

154 2200 189 2221 ιιι
270 2190 321 2221 De
334 2187 502 2232 dignitate
512 2188 653 2226 animae,
666 2193 698 2220 et
709 2187 837 2220 vilitate
849 2187 1020 2232 corporis.

153 2254 183 2276 iv
271 2244 323 2276 De
341 2242 489 2287 praemio
511 2241 632 2287 patriae
649 2241 806 2274 coelestis.

152 2310 170 2331 v
270 2300 321 2331 De
339 2296 548 2342 quotidiano
561 2297 613 2330 sui
630 2296 739 2341 ipsius
756 2295 926 2329 examine.

153 2366 183 2388 u
271 2355 323 2387 De
356 2352 548 2385 attentione
584 2351 750 2385 orationis
782 2356 942 2396 tempore
966 2349 1026 2382 ha-

317 2406 446 2441 benda.

274 2465 326 2497 De
345 2461 500 2495 custodia
515 2459 648 2499 cordis,
664 2465 698 2493 et
709 2460 827 2494 studio
841 2459 1019 2493 orationis.

272 2521 323 2554 De
340 2518 484 2551 incuriae
501 2527 558 2550 seu
578 2516 798 2561 negligentiae
815 2516 907 2549 inter
928 2525 1027 2548 oran-

318 2573 404 2606 dum
428 2571 665 2605 detestatione.

154 2641 183 2663 ix
271 2630 322 2662 De
341 2625 564 2660 instabilitate
583 2624 698 2658 cordis
710 2624 867 2657 humani.

154 2699 172 2719 x
271 2686 321 2717 De
338 2680 556 2726 impatientia
573 2678 800 2712 correctionis
812 2704 819 2716 ,
842 2683 876 2711 et
893 2687 1024 2710 accusa-

318 2736 414 2770 tione
433 2733 658 2780 propriorum
684 2731 884 2765 defectuum
916 2741 955 2764 ac
979 2731 1026 2763 vi-

320 2791 460 2824 tiorum.

154 2860 184 2881 xi
271 2848 321 2880 De
336 2843 519 2878 individuo
536 2842 704 2876 comitatu
724 2840 946 2874 conscicntia:
966 2850 1030 2872 nos

320 2899 451 2944 ubique
474 2897 715 2931 remordentis.

279 2957 327 2989 De
361 2953 472 2988 tribus
504 2952 656 2986 inimicis
684 2951 840 2984 hominis
859 2977 867 2989 ‚
905 2959 1026 2988 carne,

152 2477 199 2498 vit

154 2532 215 2554 t'tlt

155 2969 200 2991 xn

322 3009 477 3047 mundo,
500 3013 535 3041 et
557 3007 711 3041 diabolo.

156 3079 216 3102 xin
279 3067 330 3099 De
350 3064 611 3109 impugnatione
639 3063 742 3096 trium
767 3062 940 3096 dictorum
970 3059 1031 3093 ini-

323 3119 510 3153 micorum.

156 3187 204 3209 xix
275 3176 326 3208 De
349 3171 521 3206 desiderio
536 3170 654 3216 patria)
670 3169 832 3207 coelestis,
850 3173 1031 3202 etsnmma

324 3227 481 3271 ejusdem
498 3226 671 3260 felicitate.

159 3297 195 3318 xv
276 3286 326 3318 De
343 3280 615 3328 proprietatibus
633 3285 666 3314 et
680 3278 926 3313 affectionibus
945 3283 1029 3310 vete-

326 3339 370 3370 ris
387 3337 539 3370 bominis
559 3352 566 3369 ε
588 3334 734 3380 ejusque
761 3334 1030 3367 mortificatione

324 3398 355 3425 ct
377 3392 570 3426 :nutatione
589 3402 649 3438 per
669 3390 855 3423 (Ilii-istum.

1077 354 1138 385 Pag.

1073 609 1140 640 6ίι7

1074 714 1142 747 648

1073 769 1142 802 649

1074 824 1140 854 (iat)

1074 877 1141 907 651

1074 932 1141 963 652

1075 1042 1141 1070 652

1075 1098 1141 1126 653

1076 1316 1142 1346 655

1075 1371 1142 1401 655

1075 1479 1142 1511 656

1031 1621 1033 1623 ,
1076 1592 1143 1620 657

1073 1700 1141 1730 658

1076 2022 1141 2054 661

1076 2134 1143 2168 664

1075 2189 1143 2220 667

1076 2243 1138 2274 67]

1076 2297 1144 2329 67ίι

1077 2407 1143 2436 675

1076 2462 1143 2493 678

1076 2571 1144 2602 679

1077 2626 1144 2655 680

1077 2787 1143 2818 682

1079 2897 1145 2928 685

1079 3006 1146 3037 685

1080 3115 1145 3146 687

1081 3225 1148 3255 tiss

1078 3391 1144 3422 tiso

727 277 846 312 TOMI
874 279 904 312 V
933 277 1135 313 OPERUM
1163 276 1330 312 SANCTI
1360 279 1622 313 BERNARDI.

1205 351 1271 382 Cap.

2105 277 2202 313 1430

2131 352 2192 383 Pag.

1247 404 1564 443 TRACTATUS
1593 405 1663 442 DE
1692 404 1976 442 INTERIORI
2006 405 2160 443 DOMO

1366 517 1429 541 SEU
1461 518 1507 539 DE
1535 518 1776 541 CONSCOENTM
1806 518 2041 540 .÷:1›1f1CANDA.

1328 603 1555 637 l'rooemium.

1210 669 1219 689 ι
1327 659 1378 690 De
1396 657 1608 690 conscientia
1625 658 1719 702 prius
1741 657 1944 691 mundanda
1968 663 2001 690 et
2019 668 2079 703 pa-

1376 710 1504 749 canda,
1528 722 1632 755 quam
1657 712 1871 745 aedificanda.

1210 777 1234 798 ιι
1325 767 1375 798 De
1387 770 1517 810 septem
1533 767 1709 800 columnis
1730 767 1900 811 erigendis
1918 767 1960 800 ad
1976 767 2078 800 aedifi-

1376 819 1526 852 candam
1549 820 1697 853 domum
1724 822 1945 855 conscientiae
1960 849 1967 859 ,
1993 821 2080 855 etin

1375 873 1496 917 primis
1520 873 1563 906 de
1580 873 1673 906 bona
1700 875 1894 913 voluntate,
1923 886 2000 919 quae
2032 880 2080 908 est

1378 926 1545 959 columna
1562 927 1685 971 prima.

1210 991 1246 1013 ιιι
1329 981 1379 1013 De
1391 981 1543 1013 secunda
1557 981 1735 1020 columna,
1752 993 1830 1026 quae
1844 987 1893 1015 est
1906 983 2075 1015 memoria

1376 1033 1629 1068 beneficiorum
1648 1036 1724 1069 Dei.

1212 1100 1242 1121 iv
1329 1091 1380 1122 De
1406 1090 1503 1122 tertia
1528 1090 1713 1129 columna,
1735 1101 1811 1135 quae
1831 1096 1879 1123 est
1902 1101 1962 1124 cor
1980 1101 2081 1124 mun-

1375 1143 1473 1176 dum.

1210 1209 1227 1229 v
1328 1199 1378 1231 De
1399 1198 1518 1231 animo
1535 1198 1664 1236 libero,
1686 1205 1808 1243 quarta
1829 1200 2004 1232 columna.

1210 1264 1241 1285 vi
1332 1254 1489 1286 Derecto
1517 1254 1662 1298 spiritu,
1683 1254 1848 1286 columna
1873 1254 2006 1297 quinta.

1210 1319 1252 1340 vn
1331 1308 1380 1340 De
1400 1312 1517 1340 mente
1536 1308 1657 1341 devota
1671 1334 1679 1345 ‚
1708 1309 1875 1341 columna
1901 1315 2005 1342 sexta.

1211 1373 1268 1395 vin
1331 1363 1381 1395 De
1418 1362 1554 1396 ratione
1588 1363 1800 1402 illuminata,
1833 1363 1999 1397 columna
2029 1374 2085 1396 se-

1378 1415 1498 1460 ptima.

1211 1483 1243 1505 ix
1333 1472 1381 1504 De
1400 1470 1490 1504 notis
1506 1475 1539 1504 et
1558 1470 1665 1504 titulis
1686 1471 1776 1504 bene
1793 1471 1972 1505 aedificatae
1996 1482 2081 1505 con-

1376 1525 1537 1559 scientiae.

1211 1593 1229 1614 x
1327 1582 1377 1613 De
1396 1590 1478 1613 cura
1496 1580 1717 1614 conscientiae
1734 1580 1952 1626 praeserenda
1969 1580 2081 1614 scien-

1379 1634 1445 1667 tiae.

1212 1702 1241 1723 xi
1330 1691 1381 1722 De
1402 1690 1600 1723 commodis
1619 1695 1653 1723 et
1674 1689 1842 1724 fructibus
1867 1689 1970 1724 bonae
1995 1701 2080 1723 con-

1377 1743 1539 1777 scientiae.

1213 1810 1257 1832 >tn
1334 1800 1385 1832 De
1403 1798 1560 1831 custodia
1586 1803 1619 1831 et
1636 1797 1870 1831 refrenatione
1899 1797 2014 1832 cordis
2039 1798 2082 1833 ad

1376 1850 1505 1885 bonam
1523 1852 1770 1885 conscientiam
1783 1853 1983 1887 necessaria.

1212 1918 1272 1939 xni
1332 1907 1384 1940 De
1410 1905 1605 1940 mobilitate
1625 1906 1739 1940 cordis
1766 1907 2004 1952 restringenda
2021 1918 2082 1953 per

1377 1960 1690 1995 considerationem
1708 1961 1895 2004 majestatis
1912 1966 1945 1994 et
1962 1967 2081 2006 poten-

1377 2014 1433 2047 tiae
1452 2014 1589 2047 divinae.

1212 2080 1264 2102 xiv
1330 2071 1381 2103 De
1395 2068 1695 2102 admonitionibus
1709 2068 1846 2103 divinis.
1863 2068 1991 2112 quibus
2005 2068 2082 2102 sub·

1377 2123 1459 2156 inde
1477 2129 1635 2156 movetur
1652 2134 1714 2156 cor
1737 2123 1893 2156 hominis
1914 2123 1958 2157 ad
1985 2129 2084 2157 caute

1381 2179 1549 2211 utendum
1582 2180 1767 2217 creaturis,
1797 2183 1829 2212 et
1863 2184 1998 2212 rectum
2030 2180 2081 2212 sui

1380 2233 1484 2277 ipsius
1503 2232 1668 2277 regimen.

1213 2298 1252 2320 xv
1332 2288 1382 2320 De
1404 2286 1492 2320 libro
1510 2288 1734 2320 eonscientiae
1750 2288 1984 2322 emendando.

1214 2353 1267 2374 xvi
1334 2342 1502 2386 Deplorat
1534 2342 1639 2374 homo
1679 2353 1796 2375 coram
1824 2344 1898 2376 Deo
1933 2343 2086 2377 miserias

1378 2406 1471 2434 snas,
1505 2395 1785 2439 inquietudinem
1823 2398 1957 2435 cordis,
1985 2398 2084 2431 etad

1381 2450 1471 2484 mala
1488 2451 1771 2495 propensionem.

1213 2517 1277 2539 xm
1338 2505 1452 2549 Pergit
1476 2515 1638 2538 accusare
1659 2510 1692 2538 ct
1725 2505 1907 2550 deplorare
1934 2507 2086 2539 miserias

1378 2570 1455 2593 suas
1472 2559 1565 2592 circa
1581 2560 1809 2604 cogitationes
1833 2562 2085 2600 amarulentas;

1379 2613 1526 2647 abusum
1551 2614 1816 2653 membrorum,
1843 2621 1876 2649 ct
1901 2628 2018 2649 rerum
2037 2627 2087 2649 ex-

1383 2669 1547 2702 teriorum
1567 2670 1607 2702 atl
1628 2670 1704 2702 vitae
1720 2681 1819 2703 usum
1838 2670 2082 2715 spectantium.

1213 2736 1293 2757 xxin
1338 2724 1485 2757 Ulterior
1503 2724 1675 2757 accusatio
1702 2726 1851 2769 propria·
1877 2726 2082 2769 iniqnitatis,

1380 2778 1568 2822 praesertim
1583 2779 1673 2811 circa
1689 2779 1810 2812 vitium
1826 2780 1874 2811 iux
1886 2780 1976 2818 itliae,
1997 2780 2081 2817 odii,

1375 2832 1566 2874 jactantiae,
1588 2837 1652 2865 etc.

1332 2887 1456 2920 Adhuc
1470 2887 1576 2931 gemit
1595 2892 1628 2920 ct
1648 2887 1779 2932 plangit
1797 2900 1914 2922 coram
1938 2891 2008 2922 ileo
2028 2890 2086 2921 nii-

1380 2943 1483 2975 scrias
1500 2953 1538 2974 ac
1556 2941 1636 2975 vitia
1653 2953 1725 2975 sua.

1215 3009 1253 3030 xx
1335 2997 1515 3029 consessio
1532 3007 1651 3030 coram
1671 2998 1824 3042 pra‘lato.

1215 2900 1266 2921 ΧΙΧ

1215 3065 1266 3085 xxi
1336 3053 1442 3085 l‘atris·
1455 3051 1640 3096 spiritualis
1655 3052 1697 3085 ad
1708 3053 1934 3085 conlitentem
1950 3062 2084 3097 respon·

1382 3108 1432 3139 sio
1451 3112 1482 3139 ct
1498 3107 1692 3139 instructio.

1217 3174 1281 3195 xm
1343 3162 1504 3195 {teincdia
1534 3163 1683 3205 suggerit
1707 3162 1866 3196 adversus
1885 3173 2003 3207 pratas
2031 3172 2088 3194 co-

1383 3217 1567 3259 gitationes
1585 3217 1737 3250 vnit-acia
1753 3231 1760 3257 ;
1782 3217 1987 3250 memoriam
2013 3218 2089 3249 l'as-

1383 3272 1490 3306 sionis
1514 3271 1637 3304 tzlnristi
1655 3298 1663 3307 .
1682 3278 1713 3304 et
1733 3273 2013 3305 notissimorum.

1220 3341 1296 3362 xxiii
1342 3331 1390 3361 llt·
1410 3327 1546 3360 (lamnis
1567 3327 1696 3371 pcccati
1719 3327 1909 3372 superbiae.
1934 3327 2092 3362 insidis.

1384 3389 1414 3415 ct
1435 3383 1669 3415 detractionis.

2130 606 2194 637 691

2124 715 2190 747 693

2133 2019 2199 2048 706

2137 2675 2201 2704 7¹1
