2418 3949
101 270 147 308 73
827 276 875 309 IN
904 275 1129 317 CANTICA,
1158 273 1320 309 SERMO
1348 277 1415 310 IX.
2099 272 2145 309 74

101 353 193 384 tiam
206 377 219 394 ,
240 358 278 385 et
294 348 572 398 amplexabitur
589 356 658 387 te‘.
684 349 856 399 Denique
875 359 912 386 et
938 350 983 386 de
1003 351 1088 399 qui-
1106 349 1120 366 ²

1125 348 1139 366 ⁹
1157 362 1237 384 cam
1258 352 1358 384 illum
1376 354 1414 384 in
1437 351 1582 384 domum
1601 354 1731 385 matris
1750 362 1846 385 meoe
1856 377 1867 392 ‚
1893 357 1929 384 et
1946 353 1984 384 in
2004 348 2148 384 cubicu-

99 405 257 444 busdam
274 408 425 453 dicitur,
448 407 551 457 quod
570 412 687 443 tenuit
706 422 767 444 eos
785 409 965 456 snperbia.
990 408 1089 457 Quid
1110 408 1139 441 A
1157 411 1229 443 lam
1263 413 1455 456 genitricis
1485 422 1589 445 mcoe.
1623 409 1742 445 Multo
1774 408 1924 458 planior
1958 407 2150 444 videretur

100 474 156 502 est
177 472 316 512 tenuit,
338 468 408 504 nisi
422 496 431 512 ,
453 467 637 513 Irretivit,
654 475 691 503 et
710 467 938 516 implicavit,
959 475 996 503 et
1011 467 1091 503 ino-

100 525 175 562 litae
195 526 479 563 consuetudinis
497 526 751 563 indissolubili
765 532 779 548 ³
802 525 982 575 obligavit
1005 526 1089 562 vin-

101 584 215 620 culo?
234 588 315 622 Hoc
331 585 431 621 enim
451 593 507 622 est
527 584 630 634 quod
645 584 834 634 sequitur,
861 586 993 632 Operti
1008 593 1093 620 smit

102 647 301 692 iniquitate
321 654 355 680 et
370 648 556 693 impietate
574 658 644 679 saa
657 650 669 665 ²
685 659 693 680 :
714 652 754 679 ut
771 656 847 679 non
864 643 970 679 facile
986 643 1091 679 evol-

102 715 190 740 vere
212 712 250 740 et
274 704 462 753 explicare
489 703 536 740 ab
558 704 622 739 illa
642 716 680 740 se
700 703 856 752 possint.
878 705 923 738 Et
942 710 984 738 ut
1010 715 1091 738 am-

103 762 202 811 plius
215 762 334 799 dicam
346 790 356 808 ,
374 762 479 811 quasi
497 771 581 798 cute
596 761 777 810 quadam,
795 761 825 797 si
840 761 955 810 aliqui
975 774 1093 810 prava

103 821 226 870 operti
245 829 282 858 et
301 821 463 857 involuti
482 828 571 856 sunt
590 819 864 856 consuetudine
888 819 1065 855 vitiorum
1081 849 1091 866 ‚

106 888 148 916 ut
167 881 269 916 illam
293 879 485 916 dediscere
502 888 540 916 et
564 879 806 925 desuescere,
829 892 904 915 non
926 887 999 915 tam
1023 893 1092 915 ex-

102 939 256 989 spoliari
276 940 344 985 sit,
365 952 477 988 quam
503 938 699 976 excoriari.
721 941 763 974 In
785 939 892 988 cujus
919 939 971 975 rei
993 938 1095 975 indi-

102 998 224 1044 cium,
245 998 341 1035 forte
360 998 546 1035 institutio
564 997 657 1047 legis
679 997 849 1034 continet
867 997 996 1034 hostiae
1015 999 1095 1048 pel-

103 1058 175 1095 lem
197 1058 363 1095 abstrahi
376 1056 402 1095 ³.

1156 480 1287 504 sensus
1307 468 1337 504 si
1360 468 1409 503 ita
1432 468 1586 504 dixisset
1603 483 1610 504 :
1630 472 1712 505 'Non
1735 468 1919 504 dimittam
1940 468 2043 503 illuni
2063 480 2147 503 cum

1155 527 1410 563 introduxero
1425 527 1461 562 in
1483 526 1636 562 domum
1656 527 1783 563 matris
1801 540 1892 563 meae
1906 555 1915 572 ,
1936 526 2034 562 illius
2051 525 2151 562 scili-

1157 594 1215 622 cet
1232 599 1315 635 quae
1331 598 1478 622 sursum
1497 594 1551 621 est
1571 586 1777 622 Jerusalem
1796 585 1955 621 coelestis
1967 614 1976 630 ,
1994 598 2077 633 quae
2093 593 2150 620 est

1157 653 1276 681 mater
1291 645 1460 681 omnium
1476 653 1660 681 nostrum.
1679 649 1770 681 Nam
1788 653 1873 680 ante
1891 644 1984 680 illud
2002 652 2150 693 tempus

1157 705 1285 740 omnia
1300 704 1360 740 hic
1378 704 1519 739 incerta
1535 712 1644 749 sunt,
1665 712 1703 739 et
1718 703 1815 738 inter
1829 715 1932 752 spem
1952 711 1989 739 et
2009 711 2150 738 metum

1158 763 1364 808 fluctuant,
1392 771 1429 799 et
1451 762 1618 812 pendulo
1640 763 1812 798 nituntur
1832 762 1963 810 gradu.
1996 765 2040 798 Et
2067 768 2153 810 quae'

1158 823 1229 860 erit
1248 822 1434 859 certitudo
1458 822 1504 858 de
1526 822 1664 871 gratia,
1687 821 1775 857 dum
1797 821 1986 857 mutabilis
2006 830 2060 857 est
2081 834 2150 857 na-

1160 885 1269 920 tura?
1285 883 1457 932 Denique
1474 891 1511 918 et
1526 882 1589 918 ille
1604 882 1655 917 ait
1673 896 1680 917 :
1705 883 1782 929 Ego
1798 883 1881 915 dici
1901 886 1938 915 in
1957 880 2150 915 abundun-

1160 947 1214 978 tia
1236 956 1339 987 mea,
1374 943 1456 977 Non
1488 940 1655 977 movebor
1685 945 1723 976 in
1754 948 1945 975 (eternum.
1979 943 2151 975 Avertisu‘

1152 999 1296 1049 faciem
1314 1012 1414 1038 tuam
1435 1015 1458 1036 α
1479 1014 1556 1046 me,
1579 1009 1614 1036 et
1624 999 1753 1047 sactus
1772 1013 1851 1034 stim
1875 998 2149 1034 conturbalusss.

1161 1066 1219 1098 An
1242 1075 1318 1098 non
1348 1060 1414 1097 tibi
1433 1060 1566 1096 similia
1592 1059 1728 1095 dixisse
1757 1058 1934 1094 videntur
1960 1057 2153 1094 Psalmista

155 1119 191 1155 3.
206 1121 298 1156 Nam
313 1131 333 1155 e
350 1118 524 1168 regione,
540 1117 642 1167 quod
655 1118 782 1155 stricta
798 1118 972 1155 sacerdos
987 1118 1093 1155 indui
1113 1117 1140 1151 Β
1161 1129 1197 1157 et
1217 1121 1388 1170 Sponsa?
1408 1118 1507 1168 Quid
1525 1119 1624 1155 enim
1650 1117 1751 1154 aliud
1772 1125 1849 1161 est,
1873 1118 1956 1151 Non
1987 1115 2156 1151 movebor

98 1176 256 1227 jubetur
285 1178 405 1224 linea3
428 1178 602 1215 Veritatis
633 1186 668 1214 te
695 1178 778 1214 vult
808 1178 908 1215 illius
933 1191 1017 1227 quae
1047 1179 1093 1215 de

104 1245 202 1273 terra
222 1245 305 1274 orta
321 1245 392 1283 est,
414 1237 544 1273 habitu
563 1238 702 1274 arctius
719 1237 891 1286 astringi,
912 1246 953 1274 ut
974 1252 1042 1288 per
1057 1252 1096 1276 se

103 1296 333 1333 castiirioniae
347 1305 384 1333 et
403 1297 577 1347 puritatis
593 1305 629 1332 et
649 1297 875 1333 innocentiae
893 1297 959 1333 tibi
977 1298 1096 1335 virtus

103 1355 303 1401 inhaereat,
334 1364 372 1392 et
403 1356 660 1405 agglutinetur
689 1355 756 1393 tibi
784 1371 791 1392 :
819 1356 883 1392 sed
904 1365 942 1393 et
969 1358 1096 1394 onmia

104 1414 308 1452 sacerdotis
322 1415 542 1451 indumenta
555 1444 564 1461 ,
582 1415 640 1451 vel
655 1415 836 1451 catenulis
850 1444 859 1461 ,
874 1416 934 1452 vel
952 1414 1096 1464 balteis,

105 1474 163 1510 vel
183 1474 284 1510 vittis
299 1475 446 1511 astricta
465 1483 503 1510 et
522 1474 691 1523 colligata
710 1473 781 1510 sibi
795 1475 875 1511 vult
890 1489 968 1512 esse
985 1476 1045 1517 lex
1057 1476 1070 1502 ⁴
1087 1491 1095 1513 :

106 1541 146 1569 ut
159 1546 245 1570 cum
262 1534 431 1570 indueris
442 1534 647 1570 Dominum
665 1542 835 1570 nostrum
851 1538 978 1571 ,lesum
994 1535 1099 1572 Chri-

105 1600 228 1639 stum,
260 1606 344 1630 cum
373 1602 408 1629 te
437 1593 605 1629 indueris
636 1593 779 1630 viscera
811 1594 1096 1640 misericordiae,

105 1649 372 1700 benignitatem
384 1681 393 1697 ‚
409 1652 624 1689 charitatem
635 1681 644 1697 ,
659 1660 696 1688 et
711 1653 873 1701 reliquas
890 1667 981 1702 quas
996 1654 1097 1703 apud

105 1712 331 1760 Apostolum
360 1712 451 1761 legis
469 1710 676 1758 virtutcs⁵;
699 1726 783 1748 cum
809 1713 945 1750 Christi
970 1722 1004 1749 te
1027 1714 1098 1750 lide

107 1771 325 1807 memoriter
338 1771 527 1816 vestieris,
550 1779 586 1808 et
605 1771 909 1821 contemplandae
930 1773 1098 1809 veritatis

106 1828 389 1867 invisceraveris
409 1831 609 1876 affectum3
639 1831 766 1867 omnia
788 1830 854 1866 tibi
874 1840 1099 1881 coaptentur

1161 1185 1198 1216 in
1218 1190 1398 1216 oeternum
1412 1207 1422 1223 ,
1445 1192 1556 1228 quam
1578 1177 1680 1226 quod
1700 1177 1760 1213 hic
1781 1176 1957 1226 ponitur,
1983 1178 2066 1211 Non
2091 1178 2151 1209 di—

1161 1245 1305 1276 mittam
1328 1242 1464 1275 illam?
1485 1237 1556 1274 Sed
1578 1237 1628 1273 ibi
1654 1237 1807 1286 quidem
1832 1235 2026 1272 manifesta
2053 1247 2152 1284 prse-

1161 1299 1347 1348 sumpti0‚
1380 1298 1468 1347 quia
1491 1297 1614 1333 vicina
1643 1296 1751 1332 ultio.
1786 1299 1978 1339 Avertisti,
2011 1294 2153 1342 inquit,

1153 1359 1296 1408 fiii-iem
1315 1368 1414 1394 tuam
1436 1372 1459 1393 (ι
1485 1371 1564 1401 me,
1597 1366 1632 1392 et
1648 1356 1774 1404 filetus
1803 1369 1881 1391 sum
1909 1354 2154 1390 conturbium.

1163 1421 1255 1456 Cum
1288 1418 1336 1455 sit
1365 1430 1454 1466 ergo
1489 1417 1527 1452 in
1562 1416 1630 1452 hac
1664 1428 1776 1452 carne
1810 1415 1926 1451 facilis
1962 1427 2086 1459 casus,
2120 1422 2157 1450 et

1163 1478 1339 1526 frequens
1355 1477 1561 1526 impulsus,
1581 1476 1676 1512 citus
1692 1475 1817 1524 lapsus
1834 1483 1871 1511 et
1887 1482 2011 1510 certus
2030 1473 2156 1519 labor3

1162 1538 1357 1587 quomodo
1373 1550 1450 1572 non
1467 1535 1697 1572 videbuntur
1714 1534 2019 1585 praesumptionis
2039 1542 2075 1569 ct
2097 1533 2157 1569 ni-

1162 1597 1232 1633 mis
1249 1596 1476 1646 promptulae
1495 1595 1708 1632 devotionis
1723 1606 1802 1630 esse
1818 1594 1897 1629 hzec
1911 1605 2058 1642 sponsae
2077 1604 2159 1628 ver—

1163 1655 1211 1692 ba
1229 1671 1236 1693 :
1259 1659 1343 1692 Non
1360 1658 1542 1691 dimittam
1565 1657 1666 1690 illiim
1680 1657 1699 1690 Ρ
1722 1653 1813 1700 Quis
1832 1652 1932 1688 enim
1953 1652 2013 1687 hic
2033 1652 2070 1687 in
2093 1664 2159 1687 eo-

1165 1715 1248 1752 dem
1279 1723 1377 1751 statu
1408 1726 1630 1764 permanere
1663 1712 1823 1762 poterit,
1851 1711 2058 1760 praesertim
2093 1710 2159 1746 illo

1163 1773 1415 1810 subtilissima>
1443 1770 1794 1821 contemplationis,
1831 1769 1896 1818 qui
1933 1769 1996 1805 vix
2028 1769 2158 1817 attingi

1162 1842 1288 1883 potest
1307 1832 1524 1869 tenuissimo
1539 1831 1676 1867 mentis
1696 1830 1794 1866 ictu?
1808 1832 1919 1866 Forte
1937 1841 2026 1877 ergo
2042 1827 2158 1864 verba

106 1895 144 1924 et
162 1888 395 1935 cohaereant,
419 1898 456 1926 et
477 1890 680 1926 constricta
697 1890 793 1935 sint,
816 1890 984 1939 nihilque
1001 1892 1099 1928 eirca
1121 1894 1147 1929 C
1165 1892 1243 1928 haec
1256 1905 1331 1928 non
1348 1891 1584 1928 securitatem
1596 1919 1606 1936 ,
1623 1889 1688 1926 sed
1703 1887 1991 1925 sollicitudinem
2009 1895 2158 1924 sonant.

109 1955 144 1983 te
163 1949 289 1998 vagari
309 1958 346 1986 et
367 1950 549 1986 fluctuare
570 1951 710 1999 possit,
733 1958 770 1986 et
793 1951 1012 1987 tentationis
1039 1953 1098 1989 vel

108 2006 367 2045 dissolutionis
384 2016 497 2045 vento
518 2008 695 2044 follicare.
718 2009 790 2056 Qui
810 2022 848 2045 se
871 2009 932 2045 tali
951 2010 1100 2047 virtutis

111 2066 277 2103 vestierit
297 2066 451 2112 habitu,
474 2076 515 2104 ut
532 2068 565 2104 ei
585 2067 622 2103 in
644 2076 816 2104 naturam
837 2082 945 2105 versa
970 2069 1101 2106 videa-

111 2133 192 2171 tur,
218 2139 294 2163 non
312 2140 381 2176 ego
400 2127 500 2163 hunc
525 2135 598 2162 tam
622 2135 748 2163 tenere
769 2140 881 2176 quam
905 2128 1024 2164 teneri
1043 2128 1102 2165 di-

111 2184 242 2220 xerim.
259 2187 434 2231 Teniiisti,
447 2185 581 2234 inquit,
594 2198 745 2221 inanum
760 2187 950 2221 dexteram
963 2200 1098 2231 meam,

112 2252 148 2279 et
171 2248 208 2279 itt
228 2247 420 2280 voluntati:
442 2253 506 2279 tim
527 2246 714 2280 deduxisti
741 2258 799 2280 me
811 2243 839 2281 ⁶.
870 2247 1028 2282 Tenuis-ci
1056 2260 1103 2283 ne

112 2316 306 2353 pergerem
320 2304 358 2340 in
373 2304 560 2340 desectum
571 2333 581 2350 ,
598 2306 789 2339 deduxisti
802 2304 841 2340 in
859 2305 1104 2354 multiplicem

113 2364 338 2412 profectum.
362 2368 408 2399 In
432 2367 626 2400 voluntate
650 2373 715 2399 tua
742 2366 934 2400 cleiluzisei
961 2378 1043 2409 me;
1068 2365 1105 2401 id

114 2431 182 2470 est,
196 2423 232 2459 in
250 2424 445 2460 voluntate
463 2437 547 2473 quae
561 2437 581 2459 a
602 2431 637 2459 te
656 2431 732 2469 est,
749 2431 880 2472 etquae
899 2424 1106 2460 secundum

116 2491 150 2519 te
164 2491 231 2520 est.
249 2486 292 2520 In
305 2484 500 2520 voluntate
517 2497 600 2533 quae
612 2483 727 2532 magis
742 2483 893 2519 trahens
905 2496 1018 2533 quam
1038 2492 1107 2520 tra-

116 2551 174 2580 cta
194 2551 262 2580 est.
286 2547 379 2580 Nam
402 2552 439 2580 et
462 2543 600 2580 bonam
622 2543 858 2579 voluntatem
880 2557 966 2579 cum
987 2544 1107 2579 multo

116 2601 246 2639 labore
260 2615 533 2651 nonnunquam
548 2602 734 2639 attrahere
749 2602 922 2649 nitimur,
940 2611 977 2639 ct
993 2603 1109 2652 magis

1166 1953 1242 1987 Nee
1267 1950 1365 1986 enim
1396 1949 1578 1985 securitas
1608 1961 1688 1984 esse
1712 1955 1860 1997 potest,
1895 1946 2016 1983 donec
2039 1947 2161 1982 intro-

1167 2008 1319 2045 duxerit
1347 2009 1525 2045 dilectum
1546 2009 1584 2044 in
1613 2008 1769 2044 domum
1796 2007 1927 2043 matris
1947 2019 2045 2052 sure,
2066 2014 2102 2042 et
2123 2006 2160 2041 in

1167 2067 1382 2105 cubiculum
1400 2067 1588 2116 genitricis
1602 2080 1690 2103 suae.
1706 2070 1788 2103 Non
1803 2067 1873 2102 erit
1894 2074 1982 2101 tunc
1997 2065 2163 2101 retinen—

1167 2127 1206 2163 di
1227 2126 1462 2172 sollicitudo,
1492 2127 1580 2175 quia
1610 2126 1681 2162 erit
1702 2125 1891 2162 certitudo
1922 2124 2097 2161 manendi
2122 2124 2161 2160 in

1166 2186 1232 2222 illo
1254 2186 1436 2222 felicitatis
1456 2194 1551 2221 statu
1571 2201 1578 2221 :
1600 2185 1741 2234 absque
1760 2185 1875 2223 studii
1894 2184 2012 2221 nostri
2034 2197 2104 2220 usu
2125 2193 2163 2221 et

1169 2245 1378 2294 disciplinae
1408 2244 1579 2281 custodia
1602 2245 1702 2280 ultro
1735 2243 1844 2280 nobis
1873 2243 2052 2288 affluent,
2085 2243 2162 2279 imo

1172 2305 1399 2341 intrinsecus
1418 2304 1464 2340 dc
1484 2304 1648 2353 quodam
1672 2303 1895 2340 inexhausto
1915 2303 2049 2339 animae
2067 2315 2165 2338 ven—

1175 2371 1229 2399 tre
1250 2363 1404 2399 flumina
1423 2364 1541 2399 fluent
1558 2376 1663 2412 aquae
1683 2363 1778 2398 vivae
1794 2370 1830 2398 et
1849 2361 2043 2398 indefessae
2063 2361 2166 2397 dele-

1172 2423 1358 2459 ctationis.
1392 2423 1500 2459 Nulla
1533 2430 1622 2458 tunc
1651 2422 1723 2458 erit
1755 2420 1954 2457 necessitas
1982 2421 2019 2456 in
2049 2421 2165 2456 altum

1173 2482 1300 2519 fodere
1314 2511 1323 2528 ,
1350 2483 1476 2519 nullus
1506 2481 1612 2519 labor
1633 2482 1690 2517 vcl
1714 2494 1875 2531 purgare
1896 2489 2048 2530 puteos,
2070 2493 2166 2529 quos

1172 2542 1349 2578 Philistaei
1380 2542 1654 2591 replevel·int‘-',
1682 2541 1741 2577 vel
1762 2554 2005 2590 propugnare
2027 2553 2074 2576 ne
2103 2554 2166 2577 re·

1173 2602 1314 2650 pleant.
1334 2601 1403 2638 llic
1421 2602 1482 2638 ille
1502 2601 1610 2638 labor
1630 2601 1805 2649 exigitur,
1830 2614 1914 2636 nain
1938 2600 2024 2636 inde
2041 2601 2172 2637 exelu-

117 2662 384 2712 prosequimur
404 2663 509 2712 quasi
531 2662 759 2711 fugientem,
784 2675 895 2711 quam
917 2662 1111 2711 sequimur
1128 2666 1161 2699 D
1179 2661 1291 2697 ditur.
1318 2660 1429 2709 Quod
1458 2674 1548 2710 ergo
1579 2660 1691 2705 dicit,
1717 2663 1801 2695 Nou
1831 2662 2018 2695 dimittam
2043 2663 2171 2704 illum,-

119 2721 333 2758 ducentem.
356 2722 414 2759 Sic
436 2722 534 2758 enim
557 2722 719 2770 legitur:
745 2723 942 2769 Concupivi
962 2724 1110 2757 deside-

121 2795 204 2816 rare
215 2788 241 2818 7.
256 2785 359 2819 Bona
375 2782 455 2818 talis
470 2782 662 2827 voluntas,
678 2781 740 2818 sed
756 2781 922 2817 nondum
938 2782 1111 2831 placens:

116 2839 242 2889 justa,
268 2841 332 2878 sed
360 2841 529 2878 nondum
551 2840 732 2890 jucunda.
759 2844 802 2876 In
829 2845 1023 2877 voluntate
1049 2851 1113 2876 tua

122 2902 400 2938 deduxistime.
431 2905 473 2938 In
499 2901 558 2937 illa
577 2914 660 2950 quse
682 2900 821 2937 blando
850 2909 995 2937 constat
1024 2900 1114 2938 boui

123 2959 241 3009 ipsius
260 2969 370 3009 gustu
393 2975 400 2997 :
425 2974 492 2997 nec
520 2969 686 3007 tanturn,
707 2968 748 2997 ut
770 2961 821 2997 sic
842 2960 961 2997 dicam
978 2990 986 3006 ,
1011 2961 1115 3010 pigra

124 3020 258 3057 nititur
279 3020 447 3065 ratione,
471 3034 583 3070 quam
604 3021 665 3070 pia
684 3020 775 3057 honi
800 3021 917 3070 ipsius
945 3020 1114 3057 obleeta-

126 3079 240 3116 tione.

179 3139 215 3176 ll.
240 3141 373 3184 Termi,
394 3153 460 3175 nec
477 3142 660 3176 dimittam
678 3142 781 3175 illum
794 3168 804 3183 ,
821 3141 936 3175 donec
951 3141 1116 3175 introdu-

179 3279 187 3294 ¹
208 3276 301 3304 l‘roxz
327 3285 371 3308 ιν,
394 3277 459 3304 5-8.
477 3293 519 3296 ——
541 3279 552 3294 ²
572 3274 650 3305 I'sal.
670 3286 762 3303 mxii
778 3298 785 3309 ,
807 3279 837 3304 Γ».

134 3328 185 3356 2‘1.
203 3343 242 3347 ——
267 3332 280 3356 7
295 3327 375 3357 l’sal.
397 3337 519 3364 cxviii,
539 3332 592 3358 Ἡ).

178 3391 191 3404 ·’”
212 3385 294 3415 Alias
306 3408 314 3422 ,
332 3383 475 3416 delicate.

926 3273 1053 3304 ³1mii.
1084 3286 1112 3310 ι,
1140 3278 1171 3303 (3.
1198 3292 1236 3295 —-
1275 3274 1280 3297 ἰ
1305 3271 1402 3302 1·“,ωι1.
1428 3283 1546 3302 λκνιιι.
1571 3291 1607 3294 -fl
1636 3269 1648 3292 5
1667 3271 1784 3302 (Toloss.
1803 3282 1854 3301 ιιι.
1874 3290 1904 3293 —

1178 2719 1342 2756 studium
1381 2720 1551 2769 polliceri
1587 2719 1737 2755 videtur
1774 2727 1811 2755 ct
1844 2719 2097 2768 diligentiam,
2131 2729 2174 2756 ut

1178 2792 1327 2828 semper
1355 2779 1513 2815 sollicita
1542 2779 1612 2824 sit,
1636 2778 1884 2827 quoadusque
1915 2778 2025 2827 plene
2055 2780 2173 2828 possit

1179 2852 1258 2874 esse
1276 2852 1428 2874 secura:
1447 2851 1492 2873 ne
1511 2837 1580 2873 sibi
1599 2837 1768 2874 elabatur
1786 2837 1831 2873 de
1849 2838 1993 2886 reliquo
2015 2837 2174 2875 dilectus

1180 2912 1269 2935 suus
1291 2899 1473 2935 Dominus
1493 2902 1618 2943 Jesus,
1640 2899 1702 2946 qui
1725 2898 1817 2934 vivit
1837 2905 1873 2933 et
1894 2905 2025 2946 regnat
2045 2896 2081 2934 in
2101 2910 2173 2934 sae-

1181 2960 1263 2996 cula
1283 2959 1518 2996 saeculorum.
1543 2962 1674 2995 Amen.

1935 3268 2179 3303 ¹21*>..1.·m1,

636 3346 651 3349 --
669 3328 683 3350 ⁸
699 3327 777 3358 l'sal.
793 3338 893 3363 xxix,
919 3328 950 3362 7,
972 3331 1002 3356 8.
1041 3346 1055 3348 -
1081 3329 1195 3355 ⁹(3eu.
1221 3328 1388 3361 xxx1,18.
