2504 3928
327 174 396 209 251

1085 169 1372 204 GILLEBERTl
1409 169 1600 204 AttssA'rts
2299 167 2372 205 ‘252

323 253 419 284 alula
452 256 485 282 ct
514 250 804 285 cimuumnnmn,
837 242 984 287 myrrha
1015 251 1050 277 et
1078 246 1170 278 aloe.
1211 243 1588 293 At›sii¹·¹·s:1·tig«11·.1‚
1611 243 1645 277 in
1670 242 1820 291 plenum
1841 242 1924 277 oleo
1948 243 2114 277 fervente
2140 243 2281 278 dolium
2303 243 2373 279 de-

325 317 448 344 autem
479 314 520 342 ut
541 317 616 340 non
647 303 766 338 multo
782 301 926 337 dulcius
949 301 1214 351 intelligamur.
1241 307 1316 339 Ma-
1338 304 1364 337 Λ
1385 302 1524 337 seeudit
1542 301 1562 336 ⁴.
1593 300 1683 346 Quis
1705 299 1806 336 dabit
1830 299 1917 334 milii
1946 299 2373 348 tautam·abundantiam

324 380 406 416 gua·
431 373 518 400 sunt
537 362 752 411 corporales
785 360 822 395 in
848 359 1046 396 arboribus
1078 361 1137 397 liic
1167 375 1321 398 enume-

328 425 414 461 ratis
449 423 611 465 deliciae,
644 420 707 456 sed
748 428 889 468 qttauto
923 418 1083 467 majores
1112 421 1321 469 spirituales

327 491 413 519 sunt
429 495 511 530 qua*
530 482 736 528 ligurantur
751 479 787 514 in
807 479 905 514 istis?
925 482 1162 520 lz'n1i.=·.›·i‹1m·s‚
1184 481 1317 528 inquit,

328 551 402 577 llltl'
429 541 629 588 paradisus
654 541 832 573 llltllnl'uln
860 539 1076 585 pullicorum!
1102 547 1183 573 slllll
1203 553 1213 573 .‘
1235 547 1321 574 Sllllt

326 601 436 636 etiam
484 598 589 648 cypri
624 610 708 633 cum
748 597 880 632 nardo.
920 600 1044 632 Bonus
1074 597 1170 632 enim
1208 597 1320 644 ordo,

327 667 411 708 post
435 657 582 694 labores
612 655 817 705 patientiae‚
846 663 930 704 post
959 655 1219 690 verecundiam
1254 668 1323 704 pu—

327 717 430 753 doris
451 716 496 753 ad
517 723 706 763 unguenta
729 714 911 763 proticisci
926 743 934 759 ‚
955 722 991 749 ct
1011 722 1199 761 unguenta
1220 726 1322 761 rega—

329 777 387 812 lia.
405 779 497 813 Nam
518 783 554 810 et
575 773 620 810 de
641 773 746 822 cypri
778 772 919 808 semine
939 773 1059 819 regale
1077 772 1208 807 confici
1227 772 1321 807 solet

327 842 572 882 unguentum.
598 836 642 868 Et
658 832 744 881 quia
766 832 801 866 in
825 831 929 866 malis
948 831 1091 879 punicis
1112 831 1318 878 regularem

329 892 562 942 interpretati
579 904 707 927 sumus
723 890 1005 926 unanimitatem
1020 905 1029 933 3
1047 897 1321 937 consequenter

330 953 384 988 liis
431 951 556 988 verbis
601 959 636 986 et
678 950 878 998 unguentis
919 950 1027 997 regiis
1075 949 1319 985 excellentem

1387 361 1479 404 olei,
1497 368 1530 394 et
1549 360 1621 394 olei
1639 358 1831 402 ferventis,
1847 366 1887 392 ut
1905 365 2002 393 totus
2020 358 2219 406 immergar
2233 366 2268 393 et
2284 370 2372 394 con-

1389 420 1489 454 ficiar
1503 421 1517 453 Ρ
1531 419 1613 466 quis
1633 417 1733 453 dabit
1753 417 1841 453 milii
1862 425 1999 452 tantam
2017 415 2284 452 abundantiam
2302 417 2375 453 olei

1385 487 1419 513 et
1446 478 1596 513 seminis
1617 476 1761 525 cyprini
1776 505 1784 519 ‚
1807 484 1846 511 ut
1870 475 2125 523 unguentaria?
2148 476 2375 512 confectioni

1387 537 1540 572 sufficiat
1560 538 1573 571 Ρ
1594 539 1672 571 Nou
1706 548 1816 570 omne
1841 548 1965 569 semen
2000 534 2074 569 tuuc
2100 534 2171 570 olei
2203 534 2374 570 decoctio

1388 595 1536 643 recipit,
1578 607 1654 629 uon
1689 606 1837 628 omnem
1876 594 1955 628 vult
1994 593 2166 628 fructum.
2206 593 2376 642 Denique

1389 668 1463 690 non
1485 667 1595 688 omne
1617 666 1712 702 opus
1734 652 2059 701 contemplationis
2086 651 2283 688 immisceri
2313 651 2377 688 lae-

1391 713 1478 748 [iiim
1507 720 1641 762 potest.
1666 715 1789 760 Opera
1817 711 2013 747 exterioris
2038 710 2314 756 sollicitudinis,
2340 718 2378 746 et

1388 786 1473 807 usus
1493 772 1820 820 contemplationis
1837 771 1966 807 confici
1984 771 2091 807 simul
2109 784 2185 807 non
2203 778 2374 819 possunt,

1388 843 1455 865 nec.
1482 831 1518 866 in
1550 843 1658 866 unam
1685 830 1871 879 coagulari
1899 830 2126 878 qualitatem.
2156 832 2258 876 Quos
2287 841 2376 877 ergo

1388 890 1530 925 fruetus
1554 889 1632 925 ltaec
1652 889 1837 925 confectio
1859 889 1989 937 recipit
2006 890 2020 924 ‚0
2037 889 2124 925 Illos
2151 889 2262 937 plane
2283 900 2377 936 quos

1388 949 1592 996 Apostolus
1619 955 1840 983 enumerat:
1863 948 2012 982 Fructus
2046 956 2166 981 autem
2193 947 2373 994 Spiritus,

329 1010 528 1060 quamdam
560 1009 822 1046 sublimitatem
856 1009 1031 1056 intellige.
1074 1012 1146 1053 Qui
1174 1021 1229 1052 se,
1264 1008 1322 1043 in-
1340 1002 1366 1035 Β
1386 1009 1702 1055 gatulium,lm.1:‚
1724 1010 1927 1054 patientia,
1957 1005 2375 1053 longanimitas,fidae,

330 1072 432 1119 quit,
453 1071 642 1112 humiliat,
665 1067 927 1103 e.raltal)imr¹.
957 1071 996 1103 ln
1025 1066 1199 1115 patientia
1221 1075 1256 1101 et
1283 1066 1320 1101 in

333 1128 597 1172 unanimitate,
630 1126 742 1175 quid,
777 1126 845 1161 nisi
874 1126 1091 1161 humilitas?
1126 1125 1323 1161 llumilitas

332 1201 398 1223 nee
423 1195 554 1223 contra
586 1185 806 1233 injuriantes
830 1192 969 1228 tumet,
993 1196 1060 1218 nec
1091 1195 1203 1231 supra
1229 1195 1323 1218 con-

331 1255 450 1282 sortes
478 1259 516 1281 se
539 1244 669 1281 tendit.
695 1248 736 1280 In
767 1243 872 1279 malis
893 1255 982 1290 ergo
1004 1241 1150 1290 punicis
1171 1241 1322 1276 humili-

333 1313 407 1349 tas,
429 1305 466 1340 in
486 1317 602 1352 cypro
631 1302 839 1339 sublimitas
864 1315 872 1336 ε
894 1301 931 1336 in
958 1301 1030 1335 illis
1059 1299 1179 1344 labor,
1200 1300 1237 1334 in
1262 1299 1319 1334 liis

333 1363 485 1399 deliciae.
510 1362 644 1411 Cypri,
674 1369 715 1396 ut
746 1361 865 1404 aiunt,
900 1371 1025 1394 semen
1056 1357 1215 1405 decoqui
1236 1358 1319 1393 oleo

334 1422 448 1466 solet,
478 1430 518 1457 ut
548 1428 780 1468 unguentum
813 1418 1047 1466 exprimatur
1076 1429 1124 1451 ex
1161 1427 1218 1451 eo.
1248 1415 1321 1451 Alii

333 1481 519 1518 seminant
538 1481 576 1515 in
598 1478 786 1527 lacrymis,
813 1476 877 1513 sed
904 1487 1041 1525 sponsa
1068 1475 1104 1510 in
1133 1475 1228 1509 oleo.
1258 1476 1322 1510 Se-

333 1541 432 1576 mina
455 1547 603 1583 nostra‚
622 1550 736 1587 opera
755 1544 881 1572 nostra
907 1543 1005 1571 sunt.
1029 1537 1115 1569 llaec
1135 1533 1163 1569 si
1184 1531 1324 1568 liabent

334 1599 578 1642 bilaritatem,
609 1596 715 1645 quasi
742 1596 778 1631 in
809 1596 892 1630 oleo
927 1594 1203 1642 decoquuntur.
1240 1595 1324 1627 Non

336 1658 423 1694 satis
444 1666 499 1694 est
519 1657 604 1692 oleo
620 1655 775 1703 intingi,
798 1654 868 1689 nisi
892 1654 965 1688 sint
983 1659 1091 1688 cocta'
1105 1660 1141 1687 et
1157 1651 1326 1686 confecta

338 1718 374 1753 in
405 1717 512 1761 oleo,
543 1724 581 1751 et
607 1714 712 1763 quasi
746 1714 783 1749 iu
816 1713 939 1761 ipsum
977 1712 1101 1747 oleum
1130 1722 1322 1746 conversa.

338 1775 448 1822 Quod
477 1775 513 1810 in
547 1774 632 1809 oleo
662 1772 804 1809 calente
839 1770 1070 1818 decoquitur,
1100 1769 1170 1804 olei
1210 1768 1326 1817 ipsius

338 1833 520 1869 imbuitur
536 1840 681 1868 natura.
706 1833 929 1878 Coquuntur
942 1837 978 1863 ct
999 1827 1251 1863 conficiuntur
1269 1839 1326 1862 se-

340 1905 423 1928 men
445 1891 551 1940 cypri
571 1899 607 1926 et
632 1890 754 1925 oleum
776 1889 812 1923 in
834 1900 944 1923 unam
966 1885 1148 1935 unguenti
1169 1885 1327 1932 qualita—

340 1958 426 1986 tem.
448 1950 541 1985 Mira
564 1947 713 1996 quidem
735 1945 919 1981 confectio
944 1943 1085 1979 laboris
1108 1951 1144 1979 et
1170 1943 1324 1986 laetstiae,

339 2021 384 2043 co
415 2006 635 2050 mirabilior,
663 2004 765 2054 quod
789 2004 826 2039 in
854 2001 984 2038 labore
1011 2015 1086 2037 non
1113 2001 1234 2045 labor,
1264 2000 1328 2036 sed

340 2066 465 2101 laetitia
488 2065 566 2101 sola
590 2063 760 2100 sentitur.
781 2065 884 2110 Opus
903 2061 1001 2096 enim
1021 2058 1279 2096 exsultationis
1293 2058 1330 2094 in

339 2125 423 2160 oleo
446 2124 661 2166 decoctum,
692 2122 729 2157 in
753 2120 834 2169 ejus
861 2120 991 2155 transit
1016 2127 1198 2154 naturam.
1227 2120 1331 2166 Opus

340 2184 463 2232 ipsum
482 2210 491 2227 ,
511 2190 551 2217 ut
571 2181 622 2217 sic
642 2181 786 2225 dicam,
805 2178 1038 2214 obliviscitur
1061 2189 1156 2225 opus
1176 2189 1213 2212 se
1231 2189 1328 2221 esse,

340 2242 430 2277 dum
451 2241 588 2276 amoris
609 2238 838 2288 pinguedine
860 2245 980 2272 totum
1002 2236 1178 2271 inlicitur.
1201 2235 1271 2271 Sed
1292 2243 1328 2270 et

341 2301 421 2350 ipsa
438 2300 594 2336 interior
611 2297 810 2333 exsultatio
831 2296 876 2331 de
896 2308 1010 2344 opere
1030 2295 1129 2342 capit
1147 2306 1328 2341 augmen-

343 2368 420 2395 tum
439 2374 446 2394 :
465 2359 515 2395 sic
534 2358 633 2393 enim
655 2365 692 2393 et
712 2357 795 2391 oleo
815 2368 941 2391 semen
968 2353 1132 2398 confert,
1155 2361 1190 2387 et
1206 2353 1329 2387 oleum

341 2418 487 2462 semini,
505 2416 657 2466 quando
669 2428 753 2451 cuin
768 2413 1015 2450 exsultatione
1030 2419 1208 2460 operatur
1219 2423 1332 2459 spon-

341 2491 379 2514 sa
394 2505 403 2522 ,
425 2485 462 2513 et
482 2477 527 2512 (10
546 2477 627 2525 ipso
644 2488 759 2524 opere
780 2473 894 2521 magis
912 2472 1084 2508 exsultat.

395 2537 429 2572 3.
450 2538 692 2584 Unguentum
713 2534 782 2569 hoc
803 2532 946 2581 regium
967 2539 1032 2566 est.
1055 2533 1161 2566 Jesus
1187 2529 1264 2577 ipse
1286 2529 1331 2564 li-
1348 2531 1381 2564 D

342 2594 476 2631 benter
492 2607 537 2631 ex
554 2594 625 2630 hoc
645 2593 841 2641 inungitur
859 2590 1034 2626 :hilarem
1050 2588 1148 2624 enim
1168 2587 1332 2623 datorem

343 2652 465 2702 diligit
487 2656 623 2688 Deus².
656 2651 731 2687 Etsi
758 2649 867 2685 unxit
893 2661 978 2684 eum
1000 2651 1108 2683 Pater
1136 2649 1236 2681 Deus
1256 2646 1334 2694 spi—

346 2711 416 2747 ritu
436 2719 472 2747 et
488 2711 624 2747 virtute
637 2739 646 2756 ,
666 2710 733 2746 etsi
752 2716 886 2745 unctus
905 2715 961 2743 est
987 2707 1072 2742 oleo
1099 2705 1234 2741 laetitiae
1258 2718 1334 2754 prae

344 2768 581 2805 consortibus
600 2769 698 2813 suis3
719 2768 799 2804 vult
815 2775 938 2803 tamen
960 2779 980 2802 a
997 2762 1234 2801 consortibus
1259 2763 1335 2799 suis

345 2828 457 2875 ungi,
480 2836 517 2863 et
544 2827 755 2863 devotionis
779 2834 914 2861 nostrze
941 2832 1047 2873 optat
1083 2830 1329 2871 unguentum.

344 2886 436 2932 Quis
456 2885 557 2921 dabit
572 2885 662 2921 mibi
684 2893 821 2920 tantam
840 2884 911 2919 olei
926 2883 1069 2932 copiam
1086 2911 1094 2927 ,
1114 2882 1151 2918 in
1169 2895 1242 2930 qua
1257 2894 1336 2917 om-

346 2958 412 2981 nes
442 2957 599 2994 operum
630 2957 798 2980 meorum
819 2944 959 2979 fructus
983 2941 1140 2990 decoqui
1170 2941 1334 2989 possint,

346 3013 384 3040 et
413 3017 476 3040 cor
497 3017 619 3040 meum
655 3012 773 3039 totum
801 3003 987 3052 confrigi?
1006 3001 1240 3051 Evangelista
1265 3004 1335 3036 Jo-

346 3076 462 3100 annes
482 3063 551 3100 sul)
573 3071 664 3112 typo
682 3062 766 3098 vita*
797 3062 1098 3110 contemplativa:
1126 3058 1194 3096 sub
1219 3071 1335 3107 spon-

1389 1067 1626 1100 mansuetudo
1639 1094 1649 1109 ,
1677 1066 1873 1106 modestia,
1906 1068 2130 1098 continentia
2143 1091 2154 1107 ‚
2183 1068 2332 1099 castitas
2349 1064 2376 1100 ⁴⁵.

1388 1123 1433 1159 lli
1455 1123 1595 1158 fruetus
1626 1135 1709 1158 cum
1753 1123 1836 1157 oleo
1870 1121 2199 1169 contemplationis
2233 1134 2376 1157 conve-

1389 1182 1515 1225 niunt,
1534 1189 1571 1217 et
1590 1181 1694 1229 quasi
1723 1181 1757 1216 in
1785 1194 1898 1216 unam
1929 1188 2067 1216 coeunt
2097 1188 2280 1216 naturam.
2305 1179 2376 1217 Sed

1387 1249 1423 1276 et
1441 1239 1533 1275 illud
1553 1253 1679 1275 semen
1701 1240 1786 1276 liuic
1806 1240 2029 1276 confectioni
2050 1239 2211 1275 maxime
2229 1251 2373 1275 conve—

1388 1299 1444 1334 nit
1460 1326 1469 1342 ,
1506 1298 1551 1333 (le
1571 1312 1646 1346 quo
1668 1299 1804 1346 legitur
1822 1313 1829 1334 :
1849 1300 1980 1333 Semele
2006 1307 2059 1333 cst
2082 1297 2233 1333 verbum
2264 1300 2337 1333 Dee·
2350 1295 2376 1333 ⁵.

1386 1357 1557 1405 Denique
1579 1365 1616 1392 et
1635 1370 1761 1393 semen
1786 1357 1910 1405 cypri,
1934 1370 2017 1392 cum
2043 1369 2178 1392 manna
2203 1355 2378 1392 similitu-

1387 1415 1513 1450 dinem
1549 1415 1749 1463 quamdam
1784 1414 1918 1459 babet,
1945 1415 1982 1450 in
2011 1429 2086 1464 quo
2117 1414 2275 1451 verbum
2309 1414 2378 1451 Dei

1388 1475 1586 1523 figuratum
1602 1474 1817 1523 accipimus.
1836 1478 2047 1523 Utrumque
2060 1475 2159 1511 enim
2176 1482 2211 1510 et
2231 1486 2379 1519 manna,

1389 1541 1426 1569 et
1441 1533 1545 1581 cypri
1563 1546 1689 1568 semen
1708 1532 1833 1569 album
1855 1540 1931 1577 est,
1953 1541 1990 1568 et
2014 1533 2130 1568 simile
2161 1532 2294 1568 semini
2311 1544 2377 1569 co-

1390 1591 1542 1627 riandri.
1562 1595 1640 1627 Lex
1662 1591 1813 1627 Domini
1834 1591 2069 1627 immaculata
2085 1589 2173 1627 est‘5.
2195 1594 2283 1627 Haec
2301 1603 2377 1627 non
2426 1610 2428 1613 ·

1389 1650 1469 1686 vult
1489 1663 1583 1698 aqua
1604 1650 1790 1686 saecularis
1815 1649 1946 1685 discuti
1969 1650 2180 1698 sapientiae,
2203 1662 2279 1685 non
2299 1649 2380 1698 ejus

1390 1708 1661 1745 assertionibus
1683 1709 1845 1754 firmari,
1867 1708 1931 1744 sed
1949 1708 2032 1744 oleo
2053 1708 2230 1757 Spiritus,
2252 1716 2294 1744 ut
2307 1708 2382 1757 spi-

1345 1766 1371 1801 C
1393 1768 1534 1803 ritualis
1565 1780 1713 1812 sensus,
1749 1776 1787 1803 ut
1809 1767 1936 1802 unctio
1965 1766 2125 1815 Spiritus
2145 1766 2379 1815 exprimatur

1392 1840 1437 1862 ex
1463 1839 1516 1861 ea.
1552 1825 1672 1874 Hujus
1692 1825 1883 1861 meditatio
1903 1834 1940 1861 et
1968 1824 2294 1873 contemplationis
2318 1824 2382 1860 lae—

1393 1885 1471 1920 titia
1493 1884 1662 1920 facillime
1684 1884 1973 1920 commiscentur
1987 1911 1996 1928 ‚
2020 1897 2102 1919 cum
2127 1882 2196 1918 sibi
2217 1881 2380 1931 conjun-

1392 1945 1492 1993 gitur
1510 1943 1614 1979 vcrbi
1635 1942 1798 1979 studium
1813 1971 1822 1988 ‚
1856 1951 1892 1978 et
1911 1942 2037 1992 gratiae
2066 1943 2191 1978 oleum
2217 1942 2254 1977 in
2288 1954 2382 1978 con-

1396 2002 1635 2051 templatione
1655 2018 1661 2037 :
1683 2011 1719 2038 et
1739 2002 1828 2039 dum
1861 2001 1952 2038 illud
1972 2015 2040 2050 per
2061 2001 2166 2037 istam
2199 2001 2383 2050 decoqui-

1396 2070 1478 2106 tur,
1520 2061 1690 2097 facillime
1728 2074 1774 2097 ex
1808 2061 1875 2096 hac
1914 2060 2148 2096 confectione
2182 2060 2386 2109 spiritualis

1396 2119 1620 2168 exprimitur
1655 2120 1916 2168 intelligentia,
1938 2127 1974 2155 et
2003 2119 2131 2155 unctio
2163 2131 2247 2167 quae
2278 2118 2387 2155 docet

1397 2178 1442 2213 de
1474 2177 1661 2213 omnibus.
1692 2181 1738 2213 Et
1757 2177 1843 2213 vide
1866 2178 1952 2226 quia
1972 2190 2048 2213 non
2069 2178 2120 2213 ait
2146 2177 2382 2226 simpliciter,

1395 2240 1515 2283 cypr&
1533 2235 1615 2280 sed,
1637 2240 1739 2283 cypri
1755 2249 1835 2270 cnm
1852 2238 1985 2271 nardo.
2003 2235 2126 2271 Nardo
2141 2248 2179 2271 se
2195 2236 2382 2273 Dominus

1395 2294 1530 2329 fatetur
1554 2302 1783 2342 prafunetum
1812 2294 1849 2329 in
1879 2295 2109 2342 sepulturam
2123 2300 2148 2329 7.
2172 2293 2270 2340 Quid
2294 2307 2384 2344 ergo

1395 2353 1431 2388 in
1458 2352 1598 2397 nardo,
1626 2352 1694 2387 nisi
1721 2353 1854 2388 mentis
1879 2353 2041 2400 quietem
2071 2345 2272 2401 intelligis?
2295 2353 2386 2389 Ideo

1366 2412 1381 2421 “
1396 2423 1478 2446 cum
1495 2409 1803 2459 cyprojungitur,
1825 2423 1870 2446 eo
1888 2411 1989 2459 quod
2007 2411 2130 2447 omnis
2149 2411 2386 2461 contempla-

1399 2470 1510 2505 tionis
1536 2483 1623 2505 usus
1647 2471 1770 2518 quiete
1797 2471 1929 2506 mentis
1955 2471 2131 2519 indigeat.

1451 2529 1486 2563 st.
1514 2529 1543 2562 C
1534 2533 1623 2575 ΠΗ(
1638 2556 1648 2571 ‚
1671 2528 1812 2577 inquit,
1831 2543 1909 2564 cum
1927 2532 2046 2564 nardo
2061 2557 2072 2572 ,
2093 2531 2232 2564 nardus
2254 2537 2288 2563 et
2305 2542 2385 2564 cro-

1400 2601 1471 2623 cus.
1496 2590 1597 2623 Bona
1614 2588 1812 2624 connexio.
1834 2591 1972 2625 Crocus
1991 2588 2089 2624 enim
2110 2588 2179 2624 flos
2197 2587 2301 2637 quasi
2322 2601 2388 2624 au-

1401 2647 1452 2683 rei
1475 2647 1610 2683 coloris
1623 2676 1631 2692 ,
1652 2647 1696 2683 ad
1716 2647 1906 2696 sapientiae
1926 2647 2079 2683 rutilum
2101 2647 2262 2683 refertur
2277 2647 2386 2683 colo-

1401 2719 1490 2741 rem.
1516 2709 1612 2755 Ergo
1639 2706 1674 2741 in
1702 2720 1818 2755 cypro
1849 2707 2070 2756 intelligitur
2097 2705 2312 2755 vestigatio,
2346 2706 2385 2742 in

1399 2765 1535 2807 nardo,
1559 2765 1718 2811 va‹·ati‹›;
1741 2766 1777 2801 in
1800 2779 1927 2810 croco,
1949 2766 2042 2802 visio
2067 2765 2268 2814 sapientiae.
2296 2768 2386 2802 Jure

1400 2823 1537 2859 nardus
1560 2825 1714 2873 ponitur
1743 2825 1779 2860 in
1806 2824 1952 2870 inedi03
1979 2825 2127 2873 utrique
2153 2823 2383 2870 necessaria,

1400 2882 1436 2917 id
1457 2890 1511 2917 est
1532 2883 1765 2931 vestigationi
1789 2892 1826 2919 et
1844 2883 1995 2919 visioni.
2031 2887 2122 2920 Nam
2143 2895 2211 2919 nec
2232 2882 2387 2919 investi-

1399 2941 1475 2991 gari
1497 2941 1575 2976 sine
1603 2942 1798 2977 vacatione
1829 2943 1963 2978 mentis
1991 2942 2127 2978 veritas
2153 2949 2295 2990 potest,
2318 2953 2387 2977 nec

1401 2999 1518 3035 videri
1539 3012 1623 3035 cum
1639 3000 1790 3035 inventa
1810 3000 1930 3036 fuerit.
1950 3002 2085 3050 Accipe
2105 3014 2194 3050 ergo
2211 3001 2249 3036 in
2270 3012 2387 3049 cypro

1401 3058 1586 3103 studium;
1610 3059 1646 3094 in
1666 3058 1804 3103 nardo,
1823 3059 1962 3105 otium3
1986 3059 2020 3094 in
2042 3072 2172 3105 croco,
2194 3059 2387 3107 utriusque

397 3200 405 3214 ¹
426 3197 497 3224 Luc.
513 3205 581 3229 xiv,
606 3196 657 3223 11.
672 3210 713 3214 ——
730 3198 741 3213 ²
759 3195 787 3222 11
802 3193 872 3222 Cor.
893 3203 942 3226 ix.
959 3194 989 3222 7.
1006 3209 1049 3213 ..-.
1066 3190 1266 3232 ³llieronym.
1287 3192 1324 3223 de
1338 3192 1578 3233 Script.1·‘.eelc5.
1600 3211 1628 3215 —
1654 3192 1666 3218 ⁴
1684 3192 1785 3223 Galat.
1804 3204 1835 3229 τ,
1851 3195 1914 3229 22,
1938 3195 1990 3222 23.
2007 3211 2045 3215 —-
2063 3191 2075 3213 5
2093 3195 2165 3222 Luc.
2182 3203 2258 3229 vm,
2279 3194 2328 3222 11.
2342 3207 2385 3213 —-

348 3244 364 3266 ⁶
380 3246 457 3276 t‘sat.
478 3256 574 3282 xviii,
595 3248 626 3275 8.
644 3263 682 3266 -ff
708 3243 855 3275 7Mauh.
873 3255 965 3279 xxvi,
987 3247 1023 3279 3,
1048 3247 1077 3272 ³.
