<?xml version="1.0" encoding="UTF-8"?>
<!DOCTYPE html PUBLIC "-//W3C//DTD XHTML 1.0 Transitional//EN"
    "http://www.w3.org/TR/xhtml1/DTD/xhtml1-transitional.dtd">
<html xmlns="http://www.w3.org/1999/xhtml" xml:lang="en" lang="en">
 <head>
  <title>
</title>
<meta http-equiv="Content-Type" content="text/html;charset=utf-8" />
  <meta name='ocr-system' content='tesseract 3.04.00' />
  <meta name='ocr-capabilities' content='ocr_page ocr_carea ocr_par ocr_line ocrx_word'/>
</head>
<body>
  <div class='ocr_page' id='page_1' title='image "./operaomniapostho05bern/operaomniapostho05bern_0570.png"; bbox 0 0 2504 3928; ppageno 0'>
   <div class='ocr_carea' id='block_1_1' title="bbox 293 193 2340 325">
    <p class='ocr_par' dir='ltr' id='par_1_1' title="bbox 293 193 2340 325">
     <span class='ocr_line' id='line_1_1' title="bbox 296 193 2334 237; baseline -0.004 0"><span class='ocrx_word' id='word_1_1' title='bbox 296 202 393 237; x_wconf 65' lang='lat'>1123</span> <span class='ocrx_word' id='word_1_2' title='bbox 1017 202 1061 233; x_wconf 59' lang='grc' dir='ltr'>ΙΝ</span> <span class='ocrx_word' id='word_1_3' title='bbox 1093 200 1382 235; x_wconf 58' lang='grc' dir='ltr'><strong>ΝᾸΤῙΥΙΤΛἹῈ</strong></span> <span class='ocrx_word' id='word_1_4' title='bbox 1416 197 1608 235; x_wconf 72' lang='lat' dir='ltr'>DOMtM,</span> <span class='ocrx_word' id='word_1_5' title='bbox 2242 193 2334 228; x_wconf 69' lang='lat' dir='ltr'>ll2‘l</span> 
     </span>
     <span class='ocr_line' id='line_1_2' title="bbox 293 268 2340 325; baseline -0.005 -13"><span class='ocrx_word' id='word_1_6' title='bbox 293 278 480 325; x_wconf 80' lang='lat' dir='ltr'>respersit.</span> <span class='ocrx_word' id='word_1_7' title='bbox 513 277 578 312; x_wconf 80' lang='lat' dir='ltr'>llic</span> <span class='ocrx_word' id='word_1_8' title='bbox 605 276 809 311; x_wconf 63' lang='lat' dir='ltr'>exinauixit</span> <span class='ocrx_word' id='word_1_9' title='bbox 842 275 1081 323; x_wconf 79' lang='lat' dir='ltr'>semetipsum</span> <span class='ocrx_word' id='word_1_10' title='bbox 1113 275 1383 311; x_wconf 67' lang='lat' dir='ltr'>ex‹·‹·lsus¹’&#39;‘²&#39;et</span> <span class='ocrx_word' id='word_1_11' title='bbox 1419 270 1714 309; x_wconf 73' lang='lat' dir='ltr'>l&#39;atriarcliarnm</span> <span class='ocrx_word' id='word_1_12' title='bbox 1736 269 1892 314; x_wconf 89' lang='lat' dir='ltr'>arbore,</span> <span class='ocrx_word' id='word_1_13' title='bbox 1913 268 2010 304; x_wconf 88' lang='lat' dir='ltr'>etin</span> <span class='ocrx_word' id='word_1_14' title='bbox 2040 268 2275 304; x_wconf 76' lang='lat' dir='ltr'>altitudinem</span> <span class='ocrx_word' id='word_1_15' title='bbox 2304 277 2340 303; x_wconf 88' lang='lat' dir='ltr'>et.</span> 
     </span>
    </p>
   </div>
   <div class='ocr_carea' id='block_1_2' title="bbox 294 327 2342 377">
    <p class='ocr_par' dir='ltr' id='par_1_2' title="bbox 294 327 2342 377">
     <span class='ocr_line' id='line_1_3' title="bbox 294 327 2342 377; baseline -0.004 -6"><span class='ocrx_word' id='word_1_16' title='bbox 294 345 328 371; x_wconf 89' lang='lat' dir='ltr'>et</span> <span class='ocrx_word' id='word_1_17' title='bbox 351 337 553 371; x_wconf 86' lang='lat' dir='ltr'>immensus</span> <span class='ocrx_word' id='word_1_18' title='bbox 568 362 576 377; x_wconf 91' lang='lat'><strong>‚</strong></span> <span class='ocrx_word' id='word_1_19' title='bbox 601 347 813 369; x_wconf 84' lang='lat' dir='ltr'>mensuram</span> <span class='ocrx_word' id='word_1_20' title='bbox 848 333 985 369; x_wconf 86' lang='lat' dir='ltr'>bonam</span> <span class='ocrx_word' id='word_1_21' title='bbox 1012 343 1047 370; x_wconf 85' lang='lat' dir='ltr'>et</span> <span class='ocrx_word' id='word_1_22' title='bbox 1075 335 1279 370; x_wconf 78' lang='lat' dir='ltr'>confertam</span> <span class='ocrx_word' id='word_1_23' title='bbox 1305 341 1331 373; x_wconf 81' lang='grc' dir='ltr'>Α</span> <span class='ocrx_word' id='word_1_24' title='bbox 1353 331 1614 368; x_wconf 64' lang='lat' dir='ltr'>rectitudinem</span> <span class='ocrx_word' id='word_1_25' title='bbox 1632 341 1836 377; x_wconf 83' lang='lat' dir='ltr'>crumpens</span> <span class='ocrx_word' id='word_1_26' title='bbox 1851 341 2002 364; x_wconf 89' lang='lat' dir='ltr'>omnem</span> <span class='ocrx_word' id='word_1_27' title='bbox 2021 327 2171 376; x_wconf 76' lang='lat' dir='ltr'>ignorat</span> <span class='ocrx_word' id='word_1_28' title='bbox 2192 327 2342 363; x_wconf 89' lang='lat' dir='ltr'>nodosi-</span> 
     </span>
    </p>
   </div>
   <div class='ocr_carea' id='block_1_3' title="bbox 295 392 1294 1030">
    <p class='ocr_par' dir='ltr' id='par_1_3' title="bbox 295 392 1294 1030">
     <span class='ocr_line' id='line_1_4' title="bbox 295 392 1285 440; baseline -0.001 -13"><span class='ocrx_word' id='word_1_29' title='bbox 295 402 328 427; x_wconf 86' lang='lat' dir='ltr'>et</span> <span class='ocrx_word' id='word_1_30' title='bbox 352 393 571 440; x_wconf 65' lang='lat' dir='ltr'>coagitatam</span> <span class='ocrx_word' id='word_1_31' title='bbox 602 393 752 427; x_wconf 78' lang='lat' dir='ltr'>mittens</span> <span class='ocrx_word' id='word_1_32' title='bbox 788 392 823 427; x_wconf 91' lang='lat' dir='ltr'>in</span> <span class='ocrx_word' id='word_1_33' title='bbox 857 393 979 427; x_wconf 84' lang='lat' dir='ltr'>sinum</span> <span class='ocrx_word' id='word_1_34' title='bbox 1013 400 1189 428; x_wconf 74' lang='lat' dir='ltr'>vestrum.</span> <span class='ocrx_word' id='word_1_35' title='bbox 1219 392 1285 428; x_wconf 87' lang='lat' dir='ltr'>llic</span> 
     </span>
     <span class='ocr_line' id='line_1_5' title="bbox 297 450 1287 494; baseline -0.002 -8"><span class='ocrx_word' id='word_1_36' title='bbox 297 452 434 486; x_wconf 61' lang='lat' dir='ltr'>‘livinis</span> <span class='ocrx_word' id='word_1_37' title='bbox 462 450 634 486; x_wconf 88' lang='lat' dir='ltr'>manibus</span> <span class='ocrx_word' id='word_1_38' title='bbox 664 459 798 485; x_wconf 83' lang='lat' dir='ltr'>unctus</span> <span class='ocrx_word' id='word_1_39' title='bbox 824 450 907 485; x_wconf 89' lang='lat' dir='ltr'>oleo</span> <span class='ocrx_word' id='word_1_40' title='bbox 939 450 1094 494; x_wconf 62' lang='lat' dir='ltr'>laetitize,</span> <span class='ocrx_word' id='word_1_41' title='bbox 1127 459 1163 485; x_wconf 86' lang='lat' dir='ltr'>et</span> <span class='ocrx_word' id='word_1_42' title='bbox 1192 450 1287 485; x_wconf 87' lang='lat' dir='ltr'>sicut</span> 
     </span>
     <span class='ocr_line' id='line_1_6' title="bbox 299 508 1288 557; baseline -0.003 -12"><span class='ocrx_word' id='word_1_43' title='bbox 299 510 414 545; x_wconf 86' lang='lat' dir='ltr'>altare</span> <span class='ocrx_word' id='word_1_44' title='bbox 436 510 472 545; x_wconf 92' lang='lat' dir='ltr'>in</span> <span class='ocrx_word' id='word_1_45' title='bbox 502 510 648 556; x_wconf 65' lang='lat' dir='ltr'>signum</span> <span class='ocrx_word' id='word_1_46' title='bbox 683 508 865 557; x_wconf 77' lang='lat' dir='ltr'>pontificii</span> <span class='ocrx_word' id='word_1_47' title='bbox 894 517 1145 544; x_wconf 86' lang='lat' dir='ltr'>consecratus.</span> <span class='ocrx_word' id='word_1_48' title='bbox 1168 512 1221 544; x_wconf 87' lang='lat' dir='ltr'>De</span> <span class='ocrx_word' id='word_1_49' title='bbox 1238 508 1288 543; x_wconf 86' lang='lat' dir='ltr'>al-</span> 
     </span>
     <span class='ocr_line' id='line_1_7' title="bbox 303 566 1289 615; baseline -0.003 -13"><span class='ocrx_word' id='word_1_50' title='bbox 303 568 369 603; x_wconf 90' lang='lat' dir='ltr'>tari</span> <span class='ocrx_word' id='word_1_51' title='bbox 400 568 468 603; x_wconf 86' lang='lat' dir='ltr'>boc</span> <span class='ocrx_word' id='word_1_52' title='bbox 504 568 549 603; x_wconf 88' lang='lat' dir='ltr'>ad</span> <span class='ocrx_word' id='word_1_53' title='bbox 580 580 680 602; x_wconf 90' lang='lat' dir='ltr'>aram</span> <span class='ocrx_word' id='word_1_54' title='bbox 715 566 834 602; x_wconf 85' lang='lat' dir='ltr'>crucis</span> <span class='ocrx_word' id='word_1_55' title='bbox 869 566 1094 609; x_wconf 88' lang='lat' dir='ltr'>ascendens,</span> <span class='ocrx_word' id='word_1_56' title='bbox 1133 566 1289 615; x_wconf 90' lang='lat' dir='ltr'>proprio</span> 
     </span>
     <span class='ocr_line' id='line_1_8' title="bbox 300 625 1288 674; baseline -0.001 -13"><span class='ocrx_word' id='word_1_57' title='bbox 300 639 458 670; x_wconf 85' lang='lat' dir='ltr'>cruore,</span> <span class='ocrx_word' id='word_1_58' title='bbox 491 635 666 673; x_wconf 84' lang='lat' dir='ltr'>tanquam</span> <span class='ocrx_word' id='word_1_59' title='bbox 696 625 847 660; x_wconf 87' lang='lat' dir='ltr'>alterius</span> <span class='ocrx_word' id='word_1_60' title='bbox 873 625 1022 672; x_wconf 72' lang='lat' dir='ltr'>generis</span> <span class='ocrx_word' id='word_1_61' title='bbox 1052 626 1137 660; x_wconf 88' lang='lat' dir='ltr'>oleo</span> <span class='ocrx_word' id='word_1_62' title='bbox 1160 625 1288 674; x_wconf 84' lang='lat' dir='ltr'>perfu-</span> 
     </span>
     <span class='ocr_line' id='line_1_9' title="bbox 302 684 1289 733; baseline -0.002 -13"><span class='ocrx_word' id='word_1_63' title='bbox 302 698 381 728; x_wconf 81' lang='lat' dir='ltr'>sus,</span> <span class='ocrx_word' id='word_1_64' title='bbox 395 684 471 733; x_wconf 88' lang='lat' dir='ltr'>jam</span> <span class='ocrx_word' id='word_1_65' title='bbox 492 698 566 720; x_wconf 91' lang='lat' dir='ltr'>non</span> <span class='ocrx_word' id='word_1_66' title='bbox 592 692 851 727; x_wconf 83' lang='lat' dir='ltr'>consecratus,</span> <span class='ocrx_word' id='word_1_67' title='bbox 869 685 933 720; x_wconf 82' lang='lat' dir='ltr'>sed</span> <span class='ocrx_word' id='word_1_68' title='bbox 955 697 1198 728; x_wconf 85' lang='lat' dir='ltr'>consecrans,</span> <span class='ocrx_word' id='word_1_69' title='bbox 1231 693 1289 719; x_wconf 87' lang='lat' dir='ltr'>to-</span> 
     </span>
     <span class='ocr_line' id='line_1_10' title="bbox 305 743 1291 792; baseline -0.002 -13"><span class='ocrx_word' id='word_1_70' title='bbox 305 753 382 779; x_wconf 88' lang='lat' dir='ltr'>tum</span> <span class='ocrx_word' id='word_1_71' title='bbox 403 757 542 792; x_wconf 88' lang='lat' dir='ltr'>corpus</span> <span class='ocrx_word' id='word_1_72' title='bbox 572 743 751 778; x_wconf 66' lang='lat' dir='ltr'>machin-‘e</span> <span class='ocrx_word' id='word_1_73' title='bbox 773 743 972 779; x_wconf 80' lang='lat' dir='ltr'>uumdialis</span> <span class='ocrx_word' id='word_1_74' title='bbox 992 743 1151 791; x_wconf 76' lang='lat' dir='ltr'>largiore</span> <span class='ocrx_word' id='word_1_75' title='bbox 1176 743 1291 790; x_wconf 76' lang='lat' dir='ltr'>liqua-</span> 
     </span>
     <span class='ocr_line' id='line_1_11' title="bbox 306 802 1292 851; baseline -0.002 -13"><span class='ocrx_word' id='word_1_76' title='bbox 306 804 404 839; x_wconf 86' lang='lat' dir='ltr'>mine</span> <span class='ocrx_word' id='word_1_77' title='bbox 420 803 668 839; x_wconf 84' lang='lat' dir='ltr'>consecravit.</span> <span class='ocrx_word' id='word_1_78' title='bbox 691 803 845 839; x_wconf 78' lang='lat' dir='ltr'>Fatiscat</span> <span class='ocrx_word' id='word_1_79' title='bbox 869 816 958 851; x_wconf 69' lang='lat' dir='ltr'>ergo</span> <span class='ocrx_word' id='word_1_80' title='bbox 978 816 1128 847; x_wconf 66' lang='lat' dir='ltr'>moeror,</span> <span class='ocrx_word' id='word_1_81' title='bbox 1148 802 1292 837; x_wconf 85' lang='lat' dir='ltr'>tristitia</span> 
     </span>
     <span class='ocr_line' id='line_1_12' title="bbox 307 861 1294 910; baseline -0.002 -13"><span class='ocrx_word' id='word_1_82' title='bbox 307 863 442 910; x_wconf 73' lang='lat' dir='ltr'>fugiat,</span> <span class='ocrx_word' id='word_1_83' title='bbox 472 862 687 898; x_wconf 85' lang='lat' dir='ltr'>eliminetur</span> <span class='ocrx_word' id='word_1_84' title='bbox 711 862 842 907; x_wconf 89' lang='lat' dir='ltr'>dolor,</span> <span class='ocrx_word' id='word_1_85' title='bbox 866 875 1000 898; x_wconf 87' lang='lat' dir='ltr'>rancor</span> <span class='ocrx_word' id='word_1_86' title='bbox 1031 861 1203 897; x_wconf 73' lang='lat' dir='ltr'>abscedat</span> <span class='ocrx_word' id='word_1_87' title='bbox 1224 875 1231 896; x_wconf 91' lang='lat'>:</span> <span class='ocrx_word' id='word_1_88' title='bbox 1256 868 1294 895; x_wconf 92' lang='lat' dir='ltr'>ut</span> 
     </span>
     <span class='ocr_line' id='line_1_13' title="bbox 308 920 1293 968; baseline -0.005 -9"><span class='ocrx_word' id='word_1_89' title='bbox 308 922 414 959; x_wconf 82' lang='lat' dir='ltr'>liceat</span> <span class='ocrx_word' id='word_1_90' title='bbox 442 936 573 959; x_wconf 81' lang='lat' dir='ltr'>vacare</span> <span class='ocrx_word' id='word_1_91' title='bbox 604 932 637 958; x_wconf 87' lang='lat' dir='ltr'>et</span> <span class='ocrx_word' id='word_1_92' title='bbox 671 922 799 958; x_wconf 84' lang='lat' dir='ltr'>videre</span> <span class='ocrx_word' id='word_1_93' title='bbox 825 935 910 957; x_wconf 93' lang='lat' dir='ltr'>cum</span> <span class='ocrx_word' id='word_1_94' title='bbox 952 925 1078 968; x_wconf 71' lang='lat' dir='ltr'>Moyse</span> <span class='ocrx_word' id='word_1_95' title='bbox 1111 920 1293 956; x_wconf 67' lang='lat' dir='ltr'>visionem</span> 
     </span>
     <span class='ocr_line' id='line_1_14' title="bbox 309 979 1294 1030; baseline -0.005 -12"><span class='ocrx_word' id='word_1_96' title='bbox 309 984 402 1018; x_wconf 77' lang='lat' dir='ltr'>lianc,</span> <span class='ocrx_word' id='word_1_97' title='bbox 429 982 626 1030; x_wconf 70' lang='lat' dir='ltr'>grandem,</span> <span class='ocrx_word' id='word_1_98' title='bbox 665 981 824 1029; x_wconf 79' lang='lat' dir='ltr'>‹pialiter</span> <span class='ocrx_word' id='word_1_99' title='bbox 858 984 956 1017; x_wconf 85' lang='lat' dir='ltr'>Deus</span> <span class='ocrx_word' id='word_1_100' title='bbox 988 981 1025 1016; x_wconf 89' lang='lat' dir='ltr'>in</span> <span class='ocrx_word' id='word_1_101' title='bbox 1058 979 1129 1015; x_wconf 81' lang='lat' dir='ltr'>hoc</span> <span class='ocrx_word' id='word_1_102' title='bbox 1165 987 1294 1015; x_wconf 74' lang='lat' dir='ltr'>ventre</span> 
     </span>
    </p>
   </div>
   <div class='ocr_carea' id='block_1_4' title="bbox 1355 386 2352 1022">
    <p class='ocr_par' dir='ltr' id='par_1_4' title="bbox 1355 386 2352 1022">
     <span class='ocr_line' id='line_1_15' title="bbox 1355 386 2341 434; baseline -0.005 -8"><span class='ocrx_word' id='word_1_103' title='bbox 1355 399 1464 427; x_wconf 84' lang='lat' dir='ltr'>tatem</span> <span class='ocrx_word' id='word_1_104' title='bbox 1483 390 1664 432; x_wconf 86' lang='lat' dir='ltr'>liliorum,</span> <span class='ocrx_word' id='word_1_105' title='bbox 1689 386 1862 423; x_wconf 85' lang='lat' dir='ltr'>tenebras</span> <span class='ocrx_word' id='word_1_106' title='bbox 1885 386 2022 429; x_wconf 89' lang='lat' dir='ltr'>nescit,</span> <span class='ocrx_word' id='word_1_107' title='bbox 2047 386 2220 422; x_wconf 89' lang='lat' dir='ltr'>fruticosa</span> <span class='ocrx_word' id='word_1_108' title='bbox 2239 398 2341 434; x_wconf 80' lang='lat' dir='ltr'>quae-</span> 
     </span>
     <span class='ocr_line' id='line_1_16' title="bbox 1355 444 2345 499; baseline -0.005 -15"><span class='ocrx_word' id='word_1_109' title='bbox 1355 464 1426 499; x_wconf 85' lang='lat' dir='ltr'>que.</span> <span class='ocrx_word' id='word_1_110' title='bbox 1454 462 1530 484; x_wconf 88' lang='lat' dir='ltr'>uon</span> <span class='ocrx_word' id='word_1_111' title='bbox 1562 446 1684 483; x_wconf 82' lang='lat' dir='ltr'>babet.</span> <span class='ocrx_word' id='word_1_112' title='bbox 1715 446 1823 482; x_wconf 88' lang='lat' dir='ltr'>Videt</span> <span class='ocrx_word' id='word_1_113' title='bbox 1856 454 1891 481; x_wconf 92' lang='lat' dir='ltr'>et</span> <span class='ocrx_word' id='word_1_114' title='bbox 1912 445 2018 482; x_wconf 89' lang='lat' dir='ltr'>ardet</span> <span class='ocrx_word' id='word_1_115' title='bbox 2051 445 2110 480; x_wconf 87' lang='lat' dir='ltr'>ille</span> <span class='ocrx_word' id='word_1_116' title='bbox 2143 444 2345 480; x_wconf 73' lang='lat' dir='ltr'>vehemens</span> 
     </span>
     <span class='ocr_line' id='line_1_17' title="bbox 1356 503 2343 553; baseline -0.006 -9"><span class='ocrx_word' id='word_1_117' title='bbox 1356 517 1521 551; x_wconf 65' lang='lat' dir='ltr'>animator,</span> <span class='ocrx_word' id='word_1_118' title='bbox 1543 515 1578 541; x_wconf 84' lang='lat' dir='ltr'>et</span> <span class='ocrx_word' id='word_1_119' title='bbox 1606 514 1724 541; x_wconf 91' lang='lat' dir='ltr'>totum</span> <span class='ocrx_word' id='word_1_120' title='bbox 1748 504 2029 553; x_wconf 70' lang='lat' dir='ltr'>epithalamium</span> <span class='ocrx_word' id='word_1_121' title='bbox 2053 503 2090 539; x_wconf 91' lang='lat' dir='ltr'>in</span> <span class='ocrx_word' id='word_1_122' title='bbox 2117 503 2197 552; x_wconf 89' lang='lat' dir='ltr'>ejus</span> <span class='ocrx_word' id='word_1_123' title='bbox 2227 503 2343 538; x_wconf 86' lang='lat' dir='ltr'>laudi-</span> 
     </span>
     <span class='ocr_line' id='line_1_18' title="bbox 1359 562 2346 612; baseline -0.005 -10"><span class='ocrx_word' id='word_1_124' title='bbox 1359 567 1427 602; x_wconf 87' lang='lat' dir='ltr'>bus</span> <span class='ocrx_word' id='word_1_125' title='bbox 1445 567 1639 608; x_wconf 85' lang='lat' dir='ltr'>decantat,</span> <span class='ocrx_word' id='word_1_126' title='bbox 1665 562 1727 599; x_wconf 87' lang='lat' dir='ltr'>ubi</span> <span class='ocrx_word' id='word_1_127' title='bbox 1748 563 1940 598; x_wconf 82' lang='lat' dir='ltr'>manifeste</span> <span class='ocrx_word' id='word_1_128' title='bbox 1969 575 2129 612; x_wconf 86' lang='lat' dir='ltr'>sponsus</span> <span class='ocrx_word' id='word_1_129' title='bbox 2156 562 2346 598; x_wconf 76' lang='lat' dir='ltr'>inducitur</span> 
     </span>
     <span class='ocr_line' id='line_1_19' title="bbox 1356 620 2346 674; baseline -0.005 -14"><span class='ocrx_word' id='word_1_130' title='bbox 1356 626 1501 674; x_wconf 82' lang='lat' dir='ltr'>spirans</span> <span class='ocrx_word' id='word_1_131' title='bbox 1528 635 1694 659; x_wconf 85' lang='lat' dir='ltr'>amorem</span> <span class='ocrx_word' id='word_1_132' title='bbox 1728 622 2044 665; x_wconf 81' lang='lat' dir='ltr'>sincerissimum,</span> <span class='ocrx_word' id='word_1_133' title='bbox 2070 633 2136 656; x_wconf 89' lang='lat' dir='ltr'>nec</span> <span class='ocrx_word' id='word_1_134' title='bbox 2162 620 2260 657; x_wconf 87' lang='lat' dir='ltr'>ultra</span> <span class='ocrx_word' id='word_1_135' title='bbox 2283 633 2346 655; x_wconf 87' lang='lat' dir='ltr'>va-</span> 
     </span>
     <span class='ocr_line' id='line_1_20' title="bbox 1358 678 2346 728; baseline -0.005 -9"><span class='ocrx_word' id='word_1_136' title='bbox 1358 685 1436 719; x_wconf 79' lang='lat' dir='ltr'>lens</span> <span class='ocrx_word' id='word_1_137' title='bbox 1455 681 1687 718; x_wconf 81' lang='lat' dir='ltr'>dissimulare</span> <span class='ocrx_word' id='word_1_138' title='bbox 1708 679 1809 728; x_wconf 89' lang='lat' dir='ltr'>quod</span> <span class='ocrx_word' id='word_1_139' title='bbox 1830 680 1982 728; x_wconf 88' lang='lat' dir='ltr'>patitur.</span> <span class='ocrx_word' id='word_1_140' title='bbox 2013 681 2202 715; x_wconf 82' lang='lat' dir='ltr'>Evocatur</span> <span class='ocrx_word' id='word_1_141' title='bbox 2224 678 2346 714; x_wconf 90' lang='lat' dir='ltr'>statim</span> 
     </span>
     <span class='ocr_line' id='line_1_21' title="bbox 1359 737 2345 787; baseline -0.006 -9"><span class='ocrx_word' id='word_1_142' title='bbox 1359 741 1517 778; x_wconf 72' lang='lat' dir='ltr'>ctrlestis</span> <span class='ocrx_word' id='word_1_143' title='bbox 1539 741 1598 776; x_wconf 80' lang='lat' dir='ltr'>ille</span> <span class='ocrx_word' id='word_1_144' title='bbox 1620 747 1831 774; x_wconf 72' lang='lat' dir='ltr'>conventus</span> <span class='ocrx_word' id='word_1_145' title='bbox 1847 766 1856 782; x_wconf 85' lang='lat'>,</span> <span class='ocrx_word' id='word_1_146' title='bbox 1881 747 1939 783; x_wconf 88' lang='lat' dir='ltr'>et,</span> <span class='ocrx_word' id='word_1_147' title='bbox 1967 737 2075 786; x_wconf 70' lang='lat' dir='ltr'>juxta</span> <span class='ocrx_word' id='word_1_148' title='bbox 2102 738 2345 787; x_wconf 79' lang='lat' dir='ltr'>proplietam,</span> 
     </span>
     <span class='ocr_line' id='line_1_22' title="bbox 1362 796 2349 845; baseline -0.005 -9"><span class='ocrx_word' id='word_1_149' title='bbox 1362 801 1427 836; x_wconf 87' lang='lat' dir='ltr'>init</span> <span class='ocrx_word' id='word_1_150' title='bbox 1447 804 1543 836; x_wconf 80' lang='lat' dir='ltr'>Deus</span> <span class='ocrx_word' id='word_1_151' title='bbox 1559 798 1755 833; x_wconf 80' lang='lat' dir='ltr'>consilium</span> <span class='ocrx_word' id='word_1_152' title='bbox 1773 825 1781 841; x_wconf 97' lang='lat'>,</span> <span class='ocrx_word' id='word_1_153' title='bbox 1803 797 1901 845; x_wconf 71' lang='lat' dir='ltr'>cogit</span> <span class='ocrx_word' id='word_1_154' title='bbox 1925 796 2122 832; x_wconf 83' lang='lat' dir='ltr'>concilium</span> <span class='ocrx_word' id='word_1_155' title='bbox 2137 825 2146 841; x_wconf 93' lang='lat'>‚</span> <span class='ocrx_word' id='word_1_156' title='bbox 2168 796 2253 831; x_wconf 88' lang='lat' dir='ltr'>facit</span> <span class='ocrx_word' id='word_1_157' title='bbox 2275 808 2349 831; x_wconf 90' lang='lat' dir='ltr'>ser-</span> 
     </span>
     <span class='ocr_line' id='line_1_23' title="bbox 1362 855 2350 905; baseline -0.006 -10"><span class='ocrx_word' id='word_1_158' title='bbox 1362 872 1509 896; x_wconf 88' lang='lat' dir='ltr'>monem</span> <span class='ocrx_word' id='word_1_159' title='bbox 1533 870 1616 893; x_wconf 89' lang='lat' dir='ltr'>cum</span> <span class='ocrx_word' id='word_1_160' title='bbox 1639 857 1785 905; x_wconf 77' lang='lat' dir='ltr'>Angelis</span> <span class='ocrx_word' id='word_1_161' title='bbox 1807 856 1852 892; x_wconf 86' lang='lat' dir='ltr'>de</span> <span class='ocrx_word' id='word_1_162' title='bbox 1880 855 2116 891; x_wconf 65' lang='lat' dir='ltr'>restitutione</span> <span class='ocrx_word' id='word_1_163' title='bbox 2143 868 2294 899; x_wconf 90' lang='lat' dir='ltr'>eorum,</span> <span class='ocrx_word' id='word_1_164' title='bbox 2313 862 2350 889; x_wconf 86' lang='lat' dir='ltr'>et</span> 
     </span>
     <span class='ocr_line' id='line_1_24' title="bbox 1360 913 2348 966; baseline -0.005 -13"><span class='ocrx_word' id='word_1_165' title='bbox 1360 919 1406 954; x_wconf 86' lang='lat' dir='ltr'>de</span> <span class='ocrx_word' id='word_1_166' title='bbox 1440 916 1697 966; x_wconf 90' lang='lat' dir='ltr'>redemptione</span> <span class='ocrx_word' id='word_1_167' title='bbox 1737 915 1952 959; x_wconf 84' lang='lat' dir='ltr'>bominum,</span> <span class='ocrx_word' id='word_1_168' title='bbox 1991 913 2037 950; x_wconf 87' lang='lat' dir='ltr'>de</span> <span class='ocrx_word' id='word_1_169' title='bbox 2076 914 2348 949; x_wconf 85' lang='lat' dir='ltr'>elementorum</span> 
     </span>
     <span class='ocr_line' id='line_1_25' title="bbox 1363 971 2352 1022; baseline -0.005 -10"><span class='ocrx_word' id='word_1_170' title='bbox 1363 976 1606 1013; x_wconf 69' lang='lat' dir='ltr'>renovatione</span> <span class='ocrx_word' id='word_1_171' title='bbox 1623 977 1650 1010; x_wconf 63' lang='lat'>³⁸.</span> <span class='ocrx_word' id='word_1_172' title='bbox 1690 975 1766 1010; x_wconf 87' lang='lat' dir='ltr'>lllis</span> <span class='ocrx_word' id='word_1_173' title='bbox 1791 973 2031 1022; x_wconf 78' lang='lat' dir='ltr'>stupentibus</span> <span class='ocrx_word' id='word_1_174' title='bbox 2063 980 2099 1008; x_wconf 86' lang='lat' dir='ltr'>et</span> <span class='ocrx_word' id='word_1_175' title='bbox 2129 971 2352 1008; x_wconf 89' lang='lat' dir='ltr'>mirantibus</span> 
     </span>
    </p>
   </div>
   <div class='ocr_carea' id='block_1_5' title="bbox 308 1031 2351 1089">
    <p class='ocr_par' dir='ltr' id='par_1_5' title="bbox 308 1031 2351 1089">
     <span class='ocr_line' id='line_1_26' title="bbox 308 1031 2351 1089; baseline -0.005 -13"><span class='ocrx_word' id='word_1_176' title='bbox 308 1041 562 1089; x_wconf 90' lang='lat' dir='ltr'>concipiatur,</span> <span class='ocrx_word' id='word_1_177' title='bbox 607 1040 815 1089; x_wconf 72' lang='lat' dir='ltr'>decipiatur</span> <span class='ocrx_word' id='word_1_178' title='bbox 860 1039 1054 1084; x_wconf 84' lang='lat' dir='ltr'>diabolus,</span> <span class='ocrx_word' id='word_1_179' title='bbox 1097 1038 1297 1087; x_wconf 73' lang='lat' dir='ltr'>recipiatur</span> <span class='ocrx_word' id='word_1_180' title='bbox 1316 1041 1342 1074; x_wconf 82' lang='lat' dir='ltr'>B</span> <span class='ocrx_word' id='word_1_181' title='bbox 1366 1049 1441 1086; x_wconf 80' lang='lat' dir='ltr'>prae</span> <span class='ocrx_word' id='word_1_182' title='bbox 1458 1035 1611 1084; x_wconf 73' lang='lat' dir='ltr'>gaudio,</span> <span class='ocrx_word' id='word_1_183' title='bbox 1632 1033 1812 1082; x_wconf 76' lang='lat' dir='ltr'>quaeritur</span> <span class='ocrx_word' id='word_1_184' title='bbox 1841 1033 1975 1068; x_wconf 89' lang='lat' dir='ltr'>modus</span> <span class='ocrx_word' id='word_1_185' title='bbox 2004 1031 2296 1080; x_wconf 83' lang='lat' dir='ltr'>redemptionis,</span> <span class='ocrx_word' id='word_1_186' title='bbox 2316 1039 2351 1066; x_wconf 88' lang='lat' dir='ltr'>et</span> 
     </span>
    </p>
   </div>
   <div class='ocr_carea' id='block_1_6' title="bbox 311 1099 1303 1786">
    <p class='ocr_par' dir='ltr' id='par_1_6' title="bbox 311 1099 1302 1557">
     <span class='ocr_line' id='line_1_27' title="bbox 311 1099 1296 1148; baseline -0.003 -14"><span class='ocrx_word' id='word_1_187' title='bbox 311 1099 500 1148; x_wconf 86' lang='lat' dir='ltr'>perditum</span> <span class='ocrx_word' id='word_1_188' title='bbox 514 1128 522 1144; x_wconf 96' lang='lat'>‚</span> <span class='ocrx_word' id='word_1_189' title='bbox 542 1099 750 1135; x_wconf 89' lang='lat' dir='ltr'>indebitum</span> <span class='ocrx_word' id='word_1_190' title='bbox 769 1099 982 1147; x_wconf 77' lang='lat' dir='ltr'>arripiatur.</span> <span class='ocrx_word' id='word_1_191' title='bbox 997 1102 1130 1134; x_wconf 81' lang='lat' dir='ltr'>Totum</span> <span class='ocrx_word' id='word_1_192' title='bbox 1151 1111 1208 1132; x_wconf 92' lang='lat' dir='ltr'>me</span> <span class='ocrx_word' id='word_1_193' title='bbox 1228 1105 1296 1132; x_wconf 90' lang='lat' dir='ltr'>tra-</span> 
     </span>
     <span class='ocr_line' id='line_1_28' title="bbox 313 1155 1298 1204; baseline -0.004 -11"><span class='ocrx_word' id='word_1_194' title='bbox 313 1159 365 1193; x_wconf 87' lang='lat' dir='ltr'>bit</span> <span class='ocrx_word' id='word_1_195' title='bbox 390 1159 558 1203; x_wconf 88' lang='lat' dir='ltr'>affectio,</span> <span class='ocrx_word' id='word_1_196' title='bbox 583 1157 647 1193; x_wconf 84' lang='lat' dir='ltr'>sed</span> <span class='ocrx_word' id='word_1_197' title='bbox 675 1158 795 1193; x_wconf 81' lang='lat' dir='ltr'>oratio</span> <span class='ocrx_word' id='word_1_198' title='bbox 816 1157 951 1192; x_wconf 87' lang='lat' dir='ltr'>delicit.</span> <span class='ocrx_word' id='word_1_199' title='bbox 988 1157 1098 1192; x_wconf 70' lang='lat' dir='ltr'>Dives</span> <span class='ocrx_word' id='word_1_200' title='bbox 1123 1155 1298 1204; x_wconf 80' lang='lat' dir='ltr'>cogitatio</span> 
     </span>
     <span class='ocr_line' id='line_1_29' title="bbox 313 1215 1301 1265; baseline -0.003 -15"><span class='ocrx_word' id='word_1_201' title='bbox 313 1217 414 1252; x_wconf 75' lang='lat' dir='ltr'>vocis</span> <span class='ocrx_word' id='word_1_202' title='bbox 449 1224 669 1265; x_wconf 85' lang='lat' dir='ltr'>paupertate</span> <span class='ocrx_word' id='word_1_203' title='bbox 713 1215 968 1251; x_wconf 78' lang='lat' dir='ltr'>‹·0nsmuliun·.</span> <span class='ocrx_word' id='word_1_204' title='bbox 1008 1219 1168 1252; x_wconf 77' lang='lat' dir='ltr'>Fervent</span> <span class='ocrx_word' id='word_1_205' title='bbox 1203 1215 1301 1249; x_wconf 80' lang='lat' dir='ltr'>intc-</span> 
     </span>
     <span class='ocr_line' id='line_1_30' title="bbox 313 1273 1298 1319; baseline -0.004 -8"><span class='ocrx_word' id='word_1_206' title='bbox 313 1276 438 1319; x_wconf 88' lang='lat' dir='ltr'>riora,</span> <span class='ocrx_word' id='word_1_207' title='bbox 469 1284 504 1310; x_wconf 87' lang='lat' dir='ltr'>et</span> <span class='ocrx_word' id='word_1_208' title='bbox 537 1275 573 1310; x_wconf 91' lang='lat' dir='ltr'>in</span> <span class='ocrx_word' id='word_1_209' title='bbox 607 1274 789 1310; x_wconf 85' lang='lat' dir='ltr'>undosam</span> <span class='ocrx_word' id='word_1_210' title='bbox 822 1273 1007 1309; x_wconf 91' lang='lat' dir='ltr'>ebulliunt</span> <span class='ocrx_word' id='word_1_211' title='bbox 1032 1273 1298 1309; x_wconf 82' lang='lat' dir='ltr'>altitudinem:</span> 
     </span>
     <span class='ocr_line' id='line_1_31' title="bbox 314 1332 1301 1382; baseline -0.004 -13"><span class='ocrx_word' id='word_1_212' title='bbox 314 1334 378 1370; x_wconf 87' lang='lat' dir='ltr'>sed</span> <span class='ocrx_word' id='word_1_213' title='bbox 401 1334 581 1382; x_wconf 72' lang='lat' dir='ltr'>frigiditas</span> <span class='ocrx_word' id='word_1_214' title='bbox 608 1334 742 1382; x_wconf 80' lang='lat' dir='ltr'>linguae</span> <span class='ocrx_word' id='word_1_215' title='bbox 763 1333 934 1368; x_wconf 89' lang='lat' dir='ltr'>cumulos</span> <span class='ocrx_word' id='word_1_216' title='bbox 959 1332 1152 1379; x_wconf 74' lang='lat' dir='ltr'>refrigerat</span> <span class='ocrx_word' id='word_1_217' title='bbox 1181 1343 1301 1366; x_wconf 79' lang='lat' dir='ltr'>exun-</span> 
     </span>
     <span class='ocr_line' id='line_1_32' title="bbox 317 1388 1302 1439; baseline -0.005 -11"><span class='ocrx_word' id='word_1_218' title='bbox 317 1393 460 1428; x_wconf 81' lang='lat' dir='ltr'>dantes.</span> <span class='ocrx_word' id='word_1_219' title='bbox 484 1391 583 1439; x_wconf 88' lang='lat' dir='ltr'>Quid</span> <span class='ocrx_word' id='word_1_220' title='bbox 613 1400 688 1436; x_wconf 84' lang='lat' dir='ltr'>cst,</span> <span class='ocrx_word' id='word_1_221' title='bbox 721 1405 743 1426; x_wconf 91' lang='lat'>0</span> <span class='ocrx_word' id='word_1_222' title='bbox 774 1391 1015 1427; x_wconf 74' lang='lat' dir='ltr'>Beatissima?</span> <span class='ocrx_word' id='word_1_223' title='bbox 1041 1389 1232 1437; x_wconf 68' lang='lat' dir='ltr'>Numquid</span> <span class='ocrx_word' id='word_1_224' title='bbox 1253 1388 1302 1424; x_wconf 90' lang='lat' dir='ltr'>ita</span> 
     </span>
     <span class='ocr_line' id='line_1_33' title="bbox 315 1448 1301 1493; baseline -0.005 -6"><span class='ocrx_word' id='word_1_225' title='bbox 315 1464 424 1487; x_wconf 84' lang='lat' dir='ltr'>sensu</span> <span class='ocrx_word' id='word_1_226' title='bbox 448 1451 653 1486; x_wconf 79' lang='lat' dir='ltr'>taciturnus</span> <span class='ocrx_word' id='word_1_227' title='bbox 670 1449 905 1485; x_wconf 86' lang='lat' dir='ltr'>obdormiam</span> <span class='ocrx_word' id='word_1_228' title='bbox 921 1478 929 1493; x_wconf 94' lang='lat'>,</span> <span class='ocrx_word' id='word_1_229' title='bbox 951 1458 991 1484; x_wconf 90' lang='lat' dir='ltr'>ut</span> <span class='ocrx_word' id='word_1_230' title='bbox 1007 1448 1057 1484; x_wconf 92' lang='lat' dir='ltr'>ibi</span> <span class='ocrx_word' id='word_1_231' title='bbox 1076 1456 1200 1483; x_wconf 88' lang='lat' dir='ltr'>mutus</span> <span class='ocrx_word' id='word_1_232' title='bbox 1217 1448 1301 1491; x_wconf 88' lang='lat' dir='ltr'>sim,</span> 
     </span>
     <span class='ocr_line' id='line_1_34' title="bbox 317 1508 922 1557; baseline -0.002 -12"><span class='ocrx_word' id='word_1_233' title='bbox 317 1510 379 1545; x_wconf 89' lang='lat' dir='ltr'>ubi</span> <span class='ocrx_word' id='word_1_234' title='bbox 401 1509 523 1545; x_wconf 89' lang='lat' dir='ltr'>omnis</span> <span class='ocrx_word' id='word_1_235' title='bbox 541 1508 707 1557; x_wconf 90' lang='lat' dir='ltr'>loquitur</span> <span class='ocrx_word' id='word_1_236' title='bbox 727 1510 922 1544; x_wconf 73' lang='lat' dir='ltr'>creatura?</span> 
     </span>
    </p>

    <p class='ocr_par' dir='ltr' id='par_1_7' title="bbox 317 1565 1303 1786">
     <span class='ocr_line' id='line_1_35' title="bbox 370 1565 1302 1614; baseline -0.003 -11"><span class='ocrx_word' id='word_1_237' title='bbox 370 1568 404 1603; x_wconf 79' lang='lat'>2.</span> <span class='ocrx_word' id='word_1_238' title='bbox 425 1571 688 1604; x_wconf 77' lang='lat' dir='ltr'>Verumtamen</span> <span class='ocrx_word' id='word_1_239' title='bbox 707 1579 782 1602; x_wconf 91' lang='lat' dir='ltr'>non</span> <span class='ocrx_word' id='word_1_240' title='bbox 801 1566 931 1602; x_wconf 88' lang='lat' dir='ltr'>tacebo</span> <span class='ocrx_word' id='word_1_241' title='bbox 943 1575 979 1602; x_wconf 88' lang='lat' dir='ltr'>ct</span> <span class='ocrx_word' id='word_1_242' title='bbox 1001 1579 1076 1601; x_wconf 92' lang='lat' dir='ltr'>non</span> <span class='ocrx_word' id='word_1_243' title='bbox 1093 1565 1278 1614; x_wconf 85' lang='lat' dir='ltr'>quiescam</span> <span class='ocrx_word' id='word_1_244' title='bbox 1293 1593 1302 1609; x_wconf 92' lang='lat'>,</span> 
     </span>
     <span class='ocr_line' id='line_1_36' title="bbox 318 1625 1303 1674; baseline -0.002 -13"><span class='ocrx_word' id='word_1_245' title='bbox 318 1626 436 1662; x_wconf 91' lang='lat' dir='ltr'>donec</span> <span class='ocrx_word' id='word_1_246' title='bbox 469 1625 681 1674; x_wconf 75' lang='lat' dir='ltr'>egrediatur</span> <span class='ocrx_word' id='word_1_247' title='bbox 714 1634 753 1661; x_wconf 91' lang='lat' dir='ltr'>ut</span> <span class='ocrx_word' id='word_1_248' title='bbox 783 1625 963 1674; x_wconf 86' lang='lat' dir='ltr'>splendor</span> <span class='ocrx_word' id='word_1_249' title='bbox 987 1625 1110 1660; x_wconf 81' lang='lat' dir='ltr'>vultus</span> <span class='ocrx_word' id='word_1_250' title='bbox 1131 1633 1230 1665; x_wconf 88' lang='lat' dir='ltr'>tuus,</span> <span class='ocrx_word' id='word_1_251' title='bbox 1267 1632 1303 1659; x_wconf 92' lang='lat' dir='ltr'>et</span> 
     </span>
     <span class='ocr_line' id='line_1_37' title="bbox 317 1684 1299 1732; baseline -0.003 -11"><span class='ocrx_word' id='word_1_252' title='bbox 317 1698 441 1721; x_wconf 86' lang='lat' dir='ltr'>sermo</span> <span class='ocrx_word' id='word_1_253' title='bbox 484 1684 529 1720; x_wconf 90' lang='lat' dir='ltr'>de</span> <span class='ocrx_word' id='word_1_254' title='bbox 561 1693 595 1720; x_wconf 89' lang='lat' dir='ltr'>te</span> <span class='ocrx_word' id='word_1_255' title='bbox 629 1693 856 1732; x_wconf 87' lang='lat' dir='ltr'>conceptus,</span> <span class='ocrx_word' id='word_1_256' title='bbox 887 1685 914 1720; x_wconf 92' lang='lat' dir='ltr'>si</span> <span class='ocrx_word' id='word_1_257' title='bbox 951 1697 1026 1719; x_wconf 89' lang='lat' dir='ltr'>non</span> <span class='ocrx_word' id='word_1_258' title='bbox 1071 1692 1112 1719; x_wconf 93' lang='lat' dir='ltr'>ut</span> <span class='ocrx_word' id='word_1_259' title='bbox 1140 1684 1299 1731; x_wconf 87' lang='lat' dir='ltr'>lampas,</span> 
     </span>
     <span class='ocr_line' id='line_1_38' title="bbox 319 1742 1303 1786; baseline -0.004 -6"><span class='ocrx_word' id='word_1_260' title='bbox 319 1745 448 1780; x_wconf 88' lang='lat' dir='ltr'>saltem</span> <span class='ocrx_word' id='word_1_261' title='bbox 469 1752 510 1780; x_wconf 87' lang='lat' dir='ltr'>ut</span> <span class='ocrx_word' id='word_1_262' title='bbox 537 1743 696 1779; x_wconf 90' lang='lat' dir='ltr'>scintilla</span> <span class='ocrx_word' id='word_1_263' title='bbox 722 1742 960 1779; x_wconf 84' lang='lat' dir='ltr'>accendatur.</span> <span class='ocrx_word' id='word_1_264' title='bbox 988 1746 1136 1786; x_wconf 70' lang='lat' dir='ltr'>Movet,</span> <span class='ocrx_word' id='word_1_265' title='bbox 1164 1742 1303 1786; x_wconf 87' lang='lat' dir='ltr'>fateor,</span> 
     </span>
    </p>
   </div>
   <div class='ocr_carea' id='block_1_7' title="bbox 1364 1091 2362 1782">
    <p class='ocr_par' dir='ltr' id='par_1_8' title="bbox 1364 1091 2362 1782">
     <span class='ocr_line' id='line_1_39' title="bbox 1364 1091 2353 1136; baseline -0.005 -5"><span class='ocrx_word' id='word_1_266' title='bbox 1364 1095 1485 1131; x_wconf 83' lang='lat' dir='ltr'>statim</span> <span class='ocrx_word' id='word_1_267' title='bbox 1512 1094 1557 1129; x_wconf 86' lang='lat' dir='ltr'>de</span> <span class='ocrx_word' id='word_1_268' title='bbox 1588 1094 1760 1129; x_wconf 84' lang='lat' dir='ltr'>tlwsauro</span> <span class='ocrx_word' id='word_1_269' title='bbox 1792 1092 1997 1128; x_wconf 68' lang='lat' dir='ltr'>divinitatis</span> <span class='ocrx_word' id='word_1_270' title='bbox 2012 1120 2021 1136; x_wconf 94' lang='lat'>,</span> <span class='ocrx_word' id='word_1_271' title='bbox 2054 1091 2180 1127; x_wconf 84' lang='lat' dir='ltr'>Mariae</span> <span class='ocrx_word' id='word_1_272' title='bbox 2216 1102 2353 1126; x_wconf 89' lang='lat' dir='ltr'>nomen</span> 
     </span>
     <span class='ocr_line' id='line_1_40' title="bbox 1364 1148 2352 1200; baseline -0.005 -11"><span class='ocrx_word' id='word_1_273' title='bbox 1364 1154 1575 1197; x_wconf 70' lang='lat' dir='ltr'>evolvitur,</span> <span class='ocrx_word' id='word_1_274' title='bbox 1598 1160 1633 1188; x_wconf 82' lang='lat' dir='ltr'>et</span> <span class='ocrx_word' id='word_1_275' title='bbox 1655 1164 1721 1200; x_wconf 88' lang='lat' dir='ltr'>per</span> <span class='ocrx_word' id='word_1_276' title='bbox 1741 1151 1878 1199; x_wconf 89' lang='lat' dir='ltr'>ipsam,</span> <span class='ocrx_word' id='word_1_277' title='bbox 1899 1159 1935 1185; x_wconf 86' lang='lat' dir='ltr'>et</span> <span class='ocrx_word' id='word_1_278' title='bbox 1959 1151 1993 1186; x_wconf 90' lang='lat' dir='ltr'>in</span> <span class='ocrx_word' id='word_1_279' title='bbox 2018 1150 2117 1198; x_wconf 87' lang='lat' dir='ltr'>ipsa,</span> <span class='ocrx_word' id='word_1_280' title='bbox 2138 1148 2237 1185; x_wconf 85' lang='lat' dir='ltr'>etde</span> <span class='ocrx_word' id='word_1_281' title='bbox 2257 1149 2352 1198; x_wconf 88' lang='lat' dir='ltr'>ipsa,</span> 
     </span>
     <span class='ocr_line' id='line_1_41' title="bbox 1365 1207 2353 1260; baseline -0.006 -12"><span class='ocrx_word' id='word_1_282' title='bbox 1365 1222 1402 1248; x_wconf 84' lang='lat' dir='ltr'>et</span> <span class='ocrx_word' id='word_1_283' title='bbox 1427 1226 1511 1248; x_wconf 87' lang='lat' dir='ltr'>cum</span> <span class='ocrx_word' id='word_1_284' title='bbox 1530 1213 1609 1260; x_wconf 86' lang='lat' dir='ltr'>ipsa</span> <span class='ocrx_word' id='word_1_285' title='bbox 1629 1219 1746 1246; x_wconf 91' lang='lat' dir='ltr'>totum</span> <span class='ocrx_word' id='word_1_286' title='bbox 1766 1210 1835 1245; x_wconf 84' lang='lat' dir='ltr'>boe</span> <span class='ocrx_word' id='word_1_287' title='bbox 1859 1208 2069 1245; x_wconf 89' lang='lat' dir='ltr'>faciendum</span> <span class='ocrx_word' id='word_1_288' title='bbox 2101 1207 2316 1243; x_wconf 82' lang='lat' dir='ltr'>decernitur</span> <span class='ocrx_word' id='word_1_289' title='bbox 2345 1221 2353 1242; x_wconf 87' lang='lat'>:</span> 
     </span>
     <span class='ocr_line' id='line_1_42' title="bbox 1368 1266 2356 1313; baseline -0.006 -6"><span class='ocrx_word' id='word_1_290' title='bbox 1368 1281 1408 1307; x_wconf 88' lang='lat' dir='ltr'>ut</span> <span class='ocrx_word' id='word_1_291' title='bbox 1426 1272 1519 1308; x_wconf 85' lang='lat' dir='ltr'>sicut</span> <span class='ocrx_word' id='word_1_292' title='bbox 1539 1272 1617 1306; x_wconf 87' lang='lat' dir='ltr'>sine</span> <span class='ocrx_word' id='word_1_293' title='bbox 1642 1271 1704 1305; x_wconf 93' lang='lat' dir='ltr'>illo</span> <span class='ocrx_word' id='word_1_294' title='bbox 1728 1270 1817 1305; x_wconf 86' lang='lat' dir='ltr'>nibil</span> <span class='ocrx_word' id='word_1_295' title='bbox 1844 1278 1896 1305; x_wconf 87' lang='lat' dir='ltr'>est</span> <span class='ocrx_word' id='word_1_296' title='bbox 1919 1269 2054 1304; x_wconf 90' lang='lat' dir='ltr'>factum</span> <span class='ocrx_word' id='word_1_297' title='bbox 2071 1296 2080 1313; x_wconf 95' lang='lat'>,</span> <span class='ocrx_word' id='word_1_298' title='bbox 2109 1267 2160 1303; x_wconf 89' lang='lat' dir='ltr'>ita</span> <span class='ocrx_word' id='word_1_299' title='bbox 2189 1267 2269 1302; x_wconf 85' lang='lat' dir='ltr'>sine</span> <span class='ocrx_word' id='word_1_300' title='bbox 2294 1266 2356 1302; x_wconf 91' lang='lat' dir='ltr'>illa</span> 
     </span>
     <span class='ocr_line' id='line_1_43' title="bbox 1370 1325 2355 1376; baseline -0.005 -10"><span class='ocrx_word' id='word_1_301' title='bbox 1370 1331 1460 1366; x_wconf 84' lang='lat' dir='ltr'>nibil</span> <span class='ocrx_word' id='word_1_302' title='bbox 1478 1330 1654 1366; x_wconf 84' lang='lat' dir='ltr'>refectum</span> <span class='ocrx_word' id='word_1_303' title='bbox 1671 1329 1727 1364; x_wconf 86' lang='lat' dir='ltr'>sit.</span> <span class='ocrx_word' id='word_1_304' title='bbox 1746 1328 1922 1364; x_wconf 86' lang='lat' dir='ltr'>Traditur</span> <span class='ocrx_word' id='word_1_305' title='bbox 1936 1327 2093 1376; x_wconf 90' lang='lat' dir='ltr'>epistola</span> <span class='ocrx_word' id='word_1_306' title='bbox 2110 1325 2274 1364; x_wconf 88' lang='lat' dir='ltr'>Gabrieli</span> <span class='ocrx_word' id='word_1_307' title='bbox 2288 1354 2297 1370; x_wconf 95' lang='lat'>,</span> <span class='ocrx_word' id='word_1_308' title='bbox 2318 1325 2355 1361; x_wconf 92' lang='lat' dir='ltr'>in</span> 
     </span>
     <span class='ocr_line' id='line_1_44' title="bbox 1370 1385 2355 1438; baseline -0.005 -13"><span class='ocrx_word' id='word_1_309' title='bbox 1370 1403 1442 1438; x_wconf 89' lang='lat' dir='ltr'>qua</span> <span class='ocrx_word' id='word_1_310' title='bbox 1463 1389 1636 1425; x_wconf 86' lang='lat' dir='ltr'>salutatio</span> <span class='ocrx_word' id='word_1_311' title='bbox 1653 1388 1834 1436; x_wconf 75' lang='lat' dir='ltr'>Virginis,</span> <span class='ocrx_word' id='word_1_312' title='bbox 1855 1387 2061 1423; x_wconf 81' lang='lat' dir='ltr'>incarnatio</span> <span class='ocrx_word' id='word_1_313' title='bbox 2076 1385 2355 1434; x_wconf 85' lang='lat' dir='ltr'>Redemptoris‚</span> 
     </span>
     <span class='ocr_line' id='line_1_45' title="bbox 1370 1443 2358 1498; baseline -0.004 -15"><span class='ocrx_word' id='word_1_314' title='bbox 1370 1447 1565 1498; x_wconf 87' lang='lat' dir='ltr'>plenitudo</span> <span class='ocrx_word' id='word_1_315' title='bbox 1584 1447 1711 1495; x_wconf 77' lang='lat' dir='ltr'>gratiae</span> <span class='ocrx_word' id='word_1_316' title='bbox 1724 1475 1733 1491; x_wconf 96' lang='lat'>,</span> <span class='ocrx_word' id='word_1_317' title='bbox 1751 1447 1877 1494; x_wconf 72' lang='lat' dir='ltr'>gloriae</span> <span class='ocrx_word' id='word_1_318' title='bbox 1896 1444 2112 1493; x_wconf 72' lang='lat' dir='ltr'>magnitudo</span> <span class='ocrx_word' id='word_1_319' title='bbox 2125 1473 2134 1490; x_wconf 96' lang='lat'>,</span> <span class='ocrx_word' id='word_1_320' title='bbox 2155 1443 2358 1480; x_wconf 88' lang='lat' dir='ltr'>multitudo</span> 
     </span>
     <span class='ocr_line' id='line_1_46' title="bbox 1369 1503 2358 1552; baseline -0.004 -9"><span class='ocrx_word' id='word_1_321' title='bbox 1369 1507 1505 1543; x_wconf 81' lang='lat' dir='ltr'>laetitiae</span> <span class='ocrx_word' id='word_1_322' title='bbox 1537 1506 1763 1541; x_wconf 85' lang='lat' dir='ltr'>continetur.</span> <span class='ocrx_word' id='word_1_323' title='bbox 1804 1505 1936 1541; x_wconf 84' lang='lat' dir='ltr'>Missus</span> <span class='ocrx_word' id='word_1_324' title='bbox 1972 1516 2062 1552; x_wconf 82' lang='lat' dir='ltr'>ergo</span> <span class='ocrx_word' id='word_1_325' title='bbox 2092 1503 2246 1551; x_wconf 77' lang='lat' dir='ltr'>angelus</span> <span class='ocrx_word' id='word_1_326' title='bbox 2280 1505 2358 1540; x_wconf 87' lang='lat' dir='ltr'>Ga-</span> 
     </span>
     <span class='ocr_line' id='line_1_47' title="bbox 1370 1561 2360 1611; baseline -0.005 -10"><span class='ocrx_word' id='word_1_327' title='bbox 1370 1566 1462 1602; x_wconf 88' lang='lat' dir='ltr'>briel</span> <span class='ocrx_word' id='word_1_328' title='bbox 1481 1579 1501 1601; x_wconf 89' lang='lat' dir='ltr'>a</span> <span class='ocrx_word' id='word_1_329' title='bbox 1521 1567 1601 1600; x_wconf 86' lang='lat' dir='ltr'>Deo</span> <span class='ocrx_word' id='word_1_330' title='bbox 1617 1593 1626 1609; x_wconf 88' lang='lat'>‚</span> <span class='ocrx_word' id='word_1_331' title='bbox 1648 1564 1757 1600; x_wconf 85' lang='lat' dir='ltr'>etiam</span> <span class='ocrx_word' id='word_1_332' title='bbox 1774 1571 1972 1611; x_wconf 84' lang='lat' dir='ltr'>antequam</span> <span class='ocrx_word' id='word_1_333' title='bbox 1993 1561 2039 1597; x_wconf 91' lang='lat' dir='ltr'>ad</span> <span class='ocrx_word' id='word_1_334' title='bbox 2058 1561 2247 1610; x_wconf 81' lang='lat' dir='ltr'>Virginem</span> <span class='ocrx_word' id='word_1_335' title='bbox 2270 1573 2360 1610; x_wconf 87' lang='lat' dir='ltr'>per-</span> 
     </span>
     <span class='ocr_line' id='line_1_48' title="bbox 1370 1619 2360 1670; baseline -0.006 -10"><span class='ocrx_word' id='word_1_336' title='bbox 1370 1625 1537 1670; x_wconf 72' lang='lat' dir='ltr'>veniret,</span> <span class='ocrx_word' id='word_1_337' title='bbox 1565 1623 1707 1659; x_wconf 82' lang='lat' dir='ltr'>invenit</span> <span class='ocrx_word' id='word_1_338' title='bbox 1733 1627 1853 1659; x_wconf 89' lang='lat' dir='ltr'>Deum</span> <span class='ocrx_word' id='word_1_339' title='bbox 1892 1621 2068 1669; x_wconf 71' lang='lat' dir='ltr'>virgineis</span> <span class='ocrx_word' id='word_1_340' title='bbox 2102 1620 2275 1669; x_wconf 88' lang='lat' dir='ltr'>illapsum</span> <span class='ocrx_word' id='word_1_341' title='bbox 2302 1619 2360 1655; x_wconf 82' lang='lat' dir='ltr'>vi—</span> 
     </span>
     <span class='ocr_line' id='line_1_49' title="bbox 1371 1678 2362 1731; baseline -0.006 -12"><span class='ocrx_word' id='word_1_342' title='bbox 1371 1683 1536 1719; x_wconf 85' lang='lat' dir='ltr'>sceribus</span> <span class='ocrx_word' id='word_1_343' title='bbox 1556 1689 1586 1727; x_wconf 80' lang='lat'>³,</span> <span class='ocrx_word' id='word_1_344' title='bbox 1609 1691 1644 1719; x_wconf 91' lang='lat' dir='ltr'>et</span> <span class='ocrx_word' id='word_1_345' title='bbox 1663 1681 1891 1731; x_wconf 85' lang='lat' dir='ltr'>majestatem</span> <span class='ocrx_word' id='word_1_346' title='bbox 1911 1681 1976 1717; x_wconf 80' lang='lat' dir='ltr'>Dei</span> <span class='ocrx_word' id='word_1_347' title='bbox 2000 1679 2192 1728; x_wconf 79' lang='lat' dir='ltr'>virginalis</span> <span class='ocrx_word' id='word_1_348' title='bbox 2219 1678 2362 1714; x_wconf 79' lang='lat' dir='ltr'>ventris</span> 
     </span>
     <span class='ocr_line' id='line_1_50' title="bbox 1371 1738 2362 1782; baseline -0.005 -3"><span class='ocrx_word' id='word_1_349' title='bbox 1371 1743 1553 1779; x_wconf 76' lang='lat' dir='ltr'>brevitate</span> <span class='ocrx_word' id='word_1_350' title='bbox 1585 1743 1808 1778; x_wconf 89' lang='lat' dir='ltr'>conclusam.</span> <span class='ocrx_word' id='word_1_351' title='bbox 1833 1744 1863 1777; x_wconf 94' lang='grc' dir='ltr'>Ο</span> <span class='ocrx_word' id='word_1_352' title='bbox 1883 1748 2014 1776; x_wconf 81' lang='lat' dir='ltr'>venter</span> <span class='ocrx_word' id='word_1_353' title='bbox 2034 1738 2208 1775; x_wconf 90' lang='lat' dir='ltr'>diffusior</span> <span class='ocrx_word' id='word_1_354' title='bbox 2235 1738 2337 1774; x_wconf 80' lang='lat' dir='ltr'>coelis</span> <span class='ocrx_word' id='word_1_355' title='bbox 2352 1766 2362 1782; x_wconf 91' lang='lat'>,</span> 
     </span>
    </p>
   </div>
   <div class='ocr_carea' id='block_1_8' title="bbox 319 1796 2361 1852">
    <p class='ocr_par' dir='ltr' id='par_1_9' title="bbox 319 1796 2361 1852">
     <span class='ocr_line' id='line_1_51' title="bbox 319 1796 2361 1852; baseline -0.003 -14"><span class='ocrx_word' id='word_1_356' title='bbox 319 1803 421 1852; x_wconf 90' lang='lat' dir='ltr'>quod</span> <span class='ocrx_word' id='word_1_357' title='bbox 448 1803 671 1852; x_wconf 87' lang='lat' dir='ltr'>disponente</span> <span class='ocrx_word' id='word_1_358' title='bbox 698 1805 777 1838; x_wconf 90' lang='lat' dir='ltr'>Deo</span> <span class='ocrx_word' id='word_1_359' title='bbox 802 1810 959 1850; x_wconf 87' lang='lat' dir='ltr'>peccant</span> <span class='ocrx_word' id='word_1_360' title='bbox 985 1801 1182 1837; x_wconf 84' lang='lat' dir='ltr'>rationales</span> <span class='ocrx_word' id='word_1_361' title='bbox 1204 1814 1307 1836; x_wconf 86' lang='lat' dir='ltr'>crea-</span> <span class='ocrx_word' id='word_1_362' title='bbox 1329 1805 1355 1840; x_wconf 90' lang='lat' dir='ltr'>C</span> <span class='ocrx_word' id='word_1_363' title='bbox 1377 1803 1560 1850; x_wconf 88' lang='lat' dir='ltr'>terrisque</span> <span class='ocrx_word' id='word_1_364' title='bbox 1582 1801 1744 1850; x_wconf 85' lang='lat' dir='ltr'>amplior</span> <span class='ocrx_word' id='word_1_365' title='bbox 1758 1829 1766 1845; x_wconf 94' lang='lat'>,</span> <span class='ocrx_word' id='word_1_366' title='bbox 1788 1799 1960 1848; x_wconf 84' lang='lat' dir='ltr'>capacior</span> <span class='ocrx_word' id='word_1_367' title='bbox 1983 1797 2198 1834; x_wconf 86' lang='lat' dir='ltr'>clementis!</span> <span class='ocrx_word' id='word_1_368' title='bbox 2220 1796 2283 1846; x_wconf 89' lang='lat' dir='ltr'>qui</span> <span class='ocrx_word' id='word_1_369' title='bbox 2302 1804 2361 1832; x_wconf 90' lang='lat' dir='ltr'>to—</span> 
     </span>
    </p>
   </div>
   <div class='ocr_carea' id='block_1_9' title="bbox 320 1858 1320 2554">
    <p class='ocr_par' dir='ltr' id='par_1_10' title="bbox 320 1858 1320 2554">
     <span class='ocr_line' id='line_1_52' title="bbox 322 1858 1306 1906; baseline -0.004 -8"><span class='ocrx_word' id='word_1_370' title='bbox 322 1872 432 1906; x_wconf 81' lang='lat' dir='ltr'>turae‚</span> <span class='ocrx_word' id='word_1_371' title='bbox 455 1870 492 1897; x_wconf 87' lang='lat' dir='ltr'>et</span> <span class='ocrx_word' id='word_1_372' title='bbox 509 1861 635 1897; x_wconf 85' lang='lat' dir='ltr'>multis</span> <span class='ocrx_word' id='word_1_373' title='bbox 651 1873 837 1896; x_wconf 90' lang='lat' dir='ltr'>annorum</span> <span class='ocrx_word' id='word_1_374' title='bbox 855 1859 1019 1896; x_wconf 89' lang='lat' dir='ltr'>millibus</span> <span class='ocrx_word' id='word_1_375' title='bbox 1040 1868 1113 1895; x_wconf 87' lang='lat' dir='ltr'>tam</span> <span class='ocrx_word' id='word_1_376' title='bbox 1129 1858 1306 1901; x_wconf 87' lang='lat' dir='ltr'>coelestia,</span> 
     </span>
     <span class='ocr_line' id='line_1_53' title="bbox 320 1918 1310 1970; baseline -0.004 -13"><span class='ocrx_word' id='word_1_377' title='bbox 320 1935 432 1970; x_wconf 89' lang='lat' dir='ltr'>quam</span> <span class='ocrx_word' id='word_1_378' title='bbox 451 1920 640 1956; x_wconf 82' lang='lat' dir='ltr'>terrestria</span> <span class='ocrx_word' id='word_1_379' title='bbox 657 1920 841 1955; x_wconf 88' lang='lat' dir='ltr'>incassum</span> <span class='ocrx_word' id='word_1_380' title='bbox 860 1928 957 1955; x_wconf 87' lang='lat' dir='ltr'>stare</span> <span class='ocrx_word' id='word_1_381' title='bbox 974 1919 1185 1963; x_wconf 83' lang='lat' dir='ltr'>videantur,</span> <span class='ocrx_word' id='word_1_382' title='bbox 1203 1918 1310 1953; x_wconf 82' lang='lat' dir='ltr'>semi-</span> 
     </span>
     <span class='ocr_line' id='line_1_54' title="bbox 322 1977 1310 2026; baseline -0.004 -10"><span class='ocrx_word' id='word_1_383' title='bbox 322 1981 416 2017; x_wconf 86' lang='lat' dir='ltr'>rutis</span> <span class='ocrx_word' id='word_1_384' title='bbox 433 1981 522 2024; x_wconf 91' lang='lat' dir='ltr'>illis,</span> <span class='ocrx_word' id='word_1_385' title='bbox 550 1979 628 2015; x_wconf 81' lang='lat' dir='ltr'>istis</span> <span class='ocrx_word' id='word_1_386' title='bbox 649 1979 796 2014; x_wconf 84' lang='lat' dir='ltr'>dirutis.</span> <span class='ocrx_word' id='word_1_387' title='bbox 821 1981 900 2015; x_wconf 86' lang='lat' dir='ltr'>Stat</span> <span class='ocrx_word' id='word_1_388' title='bbox 920 1979 980 2014; x_wconf 92' lang='lat' dir='ltr'>illa</span> <span class='ocrx_word' id='word_1_389' title='bbox 1005 1990 1138 2026; x_wconf 78' lang='lat' dir='ltr'>magna</span> <span class='ocrx_word' id='word_1_390' title='bbox 1158 1977 1286 2013; x_wconf 76' lang='lat' dir='ltr'>civitas</span> <span class='ocrx_word' id='word_1_391' title='bbox 1300 2004 1310 2020; x_wconf 90' lang='lat'><strong>‚</strong></span> 
     </span>
     <span class='ocr_line' id='line_1_55' title="bbox 322 2035 1313 2081; baseline -0.004 -7"><span class='ocrx_word' id='word_1_392' title='bbox 322 2039 458 2075; x_wconf 75' lang='lat' dir='ltr'>civium</span> <span class='ocrx_word' id='word_1_393' title='bbox 477 2050 630 2074; x_wconf 88' lang='lat' dir='ltr'>suorum</span> <span class='ocrx_word' id='word_1_394' title='bbox 646 2037 914 2073; x_wconf 86' lang='lat' dir='ltr'>numerositate</span> <span class='ocrx_word' id='word_1_395' title='bbox 934 2036 1100 2072; x_wconf 88' lang='lat' dir='ltr'>fraudata</span> <span class='ocrx_word' id='word_1_396' title='bbox 1113 2065 1122 2081; x_wconf 96' lang='lat'>,</span> <span class='ocrx_word' id='word_1_397' title='bbox 1140 2043 1177 2071; x_wconf 92' lang='lat' dir='ltr'>et</span> <span class='ocrx_word' id='word_1_398' title='bbox 1194 2048 1213 2071; x_wconf 90' lang='lat' dir='ltr'>a</span> <span class='ocrx_word' id='word_1_399' title='bbox 1229 2035 1313 2071; x_wconf 82' lang='lat' dir='ltr'>stel-</span> 
     </span>
     <span class='ocr_line' id='line_1_56' title="bbox 325 2093 1313 2146; baseline -0.006 -11"><span class='ocrx_word' id='word_1_400' title='bbox 325 2097 489 2135; x_wconf 84' lang='lat' dir='ltr'>lantibus</span> <span class='ocrx_word' id='word_1_401' title='bbox 510 2097 658 2146; x_wconf 88' lang='lat' dir='ltr'>palatiis</span> <span class='ocrx_word' id='word_1_402' title='bbox 686 2096 883 2145; x_wconf 85' lang='lat' dir='ltr'>multiplex</span> <span class='ocrx_word' id='word_1_403' title='bbox 912 2095 1156 2131; x_wconf 86' lang='lat' dir='ltr'>habitantium</span> <span class='ocrx_word' id='word_1_404' title='bbox 1185 2093 1313 2129; x_wconf 90' lang='lat' dir='ltr'>multi-</span> 
     </span>
     <span class='ocr_line' id='line_1_57' title="bbox 326 2154 1313 2206; baseline -0.005 -12"><span class='ocrx_word' id='word_1_405' title='bbox 326 2158 418 2194; x_wconf 86' lang='lat' dir='ltr'>tudo</span> <span class='ocrx_word' id='word_1_406' title='bbox 440 2156 678 2206; x_wconf 83' lang='lat' dir='ltr'>propellitur.</span> <span class='ocrx_word' id='word_1_407' title='bbox 711 2155 971 2193; x_wconf 85' lang='lat' dir='ltr'>Obscurantur</span> <span class='ocrx_word' id='word_1_408' title='bbox 1002 2155 1153 2191; x_wconf 89' lang='lat' dir='ltr'>stellarii</span> <span class='ocrx_word' id='word_1_409' title='bbox 1185 2154 1313 2202; x_wconf 77' lang='lat' dir='ltr'>ignes,</span> 
     </span>
     <span class='ocr_line' id='line_1_58' title="bbox 329 2213 1315 2264; baseline -0.004 -12"><span class='ocrx_word' id='word_1_410' title='bbox 329 2218 444 2253; x_wconf 87' lang='lat' dir='ltr'>solem</span> <span class='ocrx_word' id='word_1_411' title='bbox 471 2216 606 2264; x_wconf 86' lang='lat' dir='ltr'>loquor</span> <span class='ocrx_word' id='word_1_412' title='bbox 630 2223 666 2251; x_wconf 89' lang='lat' dir='ltr'>et</span> <span class='ocrx_word' id='word_1_413' title='bbox 691 2215 817 2250; x_wconf 90' lang='lat' dir='ltr'>lunam</span> <span class='ocrx_word' id='word_1_414' title='bbox 839 2223 875 2250; x_wconf 84' lang='lat' dir='ltr'>et</span> <span class='ocrx_word' id='word_1_415' title='bbox 901 2215 1041 2259; x_wconf 86' lang='lat' dir='ltr'>stellas,</span> <span class='ocrx_word' id='word_1_416' title='bbox 1062 2222 1098 2249; x_wconf 82' lang='lat' dir='ltr'>et</span> <span class='ocrx_word' id='word_1_417' title='bbox 1124 2214 1239 2249; x_wconf 81' lang='lat' dir='ltr'>multa</span> <span class='ocrx_word' id='word_1_418' title='bbox 1259 2213 1315 2249; x_wconf 88' lang='lat' dir='ltr'>sui</span> 
     </span>
     <span class='ocr_line' id='line_1_59' title="bbox 329 2271 1316 2311; baseline -0.003 -1"><span class='ocrx_word' id='word_1_419' title='bbox 329 2275 480 2311; x_wconf 88' lang='lat' dir='ltr'>luminis</span> <span class='ocrx_word' id='word_1_420' title='bbox 511 2274 678 2310; x_wconf 88' lang='lat' dir='ltr'>claritate</span> <span class='ocrx_word' id='word_1_421' title='bbox 707 2274 946 2308; x_wconf 88' lang='lat' dir='ltr'>mulctantur.</span> <span class='ocrx_word' id='word_1_422' title='bbox 977 2275 1093 2308; x_wconf 87' lang='lat' dir='ltr'>Terra</span> <span class='ocrx_word' id='word_1_423' title='bbox 1122 2271 1316 2307; x_wconf 90' lang='lat' dir='ltr'>maledici-</span> 
     </span>
     <span class='ocr_line' id='line_1_60' title="bbox 329 2330 1317 2378; baseline -0.005 -9"><span class='ocrx_word' id='word_1_424' title='bbox 329 2339 430 2378; x_wconf 88' lang='lat' dir='ltr'>tur¹,</span> <span class='ocrx_word' id='word_1_425' title='bbox 456 2345 540 2367; x_wconf 91' lang='lat' dir='ltr'>cum</span> <span class='ocrx_word' id='word_1_426' title='bbox 571 2331 772 2366; x_wconf 88' lang='lat' dir='ltr'>damnatur</span> <span class='ocrx_word' id='word_1_427' title='bbox 799 2331 996 2366; x_wconf 89' lang='lat' dir='ltr'>bominum</span> <span class='ocrx_word' id='word_1_428' title='bbox 1031 2330 1216 2366; x_wconf 85' lang='lat' dir='ltr'>successio</span> <span class='ocrx_word' id='word_1_429' title='bbox 1248 2344 1254 2365; x_wconf 93' lang='lat'>:</span> <span class='ocrx_word' id='word_1_430' title='bbox 1281 2338 1317 2365; x_wconf 86' lang='lat' dir='ltr'>et</span> 
     </span>
     <span class='ocr_line' id='line_1_61' title="bbox 332 2388 1319 2437; baseline -0.003 -13"><span class='ocrx_word' id='word_1_431' title='bbox 332 2395 451 2425; x_wconf 79' lang='lat' dir='ltr'>omnis</span> <span class='ocrx_word' id='word_1_432' title='bbox 478 2399 667 2431; x_wconf 79' lang='lat' dir='ltr'>creatura,</span> <span class='ocrx_word' id='word_1_433' title='bbox 693 2388 801 2436; x_wconf 79' lang='lat' dir='ltr'>juxta</span> <span class='ocrx_word' id='word_1_434' title='bbox 834 2388 1057 2437; x_wconf 79' lang='lat' dir='ltr'>Apostolum</span> <span class='ocrx_word' id='word_1_435' title='bbox 1074 2416 1082 2432; x_wconf 95' lang='lat'>,</span> <span class='ocrx_word' id='word_1_436' title='bbox 1099 2392 1262 2435; x_wconf 77' lang='lat' dir='ltr'>parturit</span> <span class='ocrx_word' id='word_1_437' title='bbox 1284 2396 1319 2422; x_wconf 69' lang='lat' dir='ltr'>r!</span> 
     </span>
     <span class='ocr_line' id='line_1_62' title="bbox 334 2445 1316 2496; baseline -0.003 -13"><span class='ocrx_word' id='word_1_438' title='bbox 334 2452 538 2496; x_wconf 72' lang='lat' dir='ltr'>ingemiscit</span> <span class='ocrx_word' id='word_1_439' title='bbox 558 2452 584 2481; x_wconf 83' lang='lat'>².</span> <span class='ocrx_word' id='word_1_440' title='bbox 608 2450 719 2483; x_wconf 84' lang='lat' dir='ltr'>Tacet</span> <span class='ocrx_word' id='word_1_441' title='bbox 739 2450 838 2482; x_wconf 86' lang='lat' dir='ltr'>Deus</span> <span class='ocrx_word' id='word_1_442' title='bbox 863 2447 1126 2495; x_wconf 87' lang='lat' dir='ltr'>omnipotens,</span> <span class='ocrx_word' id='word_1_443' title='bbox 1157 2454 1193 2481; x_wconf 91' lang='lat' dir='ltr'>et</span> <span class='ocrx_word' id='word_1_444' title='bbox 1213 2445 1316 2480; x_wconf 91' lang='lat' dir='ltr'>ordi-</span> 
     </span>
     <span class='ocr_line' id='line_1_63' title="bbox 333 2503 1320 2554; baseline -0.004 -12"><span class='ocrx_word' id='word_1_445' title='bbox 333 2519 426 2542; x_wconf 88' lang='lat' dir='ltr'>nans</span> <span class='ocrx_word' id='word_1_446' title='bbox 452 2505 532 2554; x_wconf 89' lang='lat' dir='ltr'>ejus</span> <span class='ocrx_word' id='word_1_447' title='bbox 546 2506 817 2554; x_wconf 87' lang='lat' dir='ltr'>omnipotentia</span> <span class='ocrx_word' id='word_1_448' title='bbox 835 2513 974 2540; x_wconf 86' lang='lat' dir='ltr'>tantam</span> <span class='ocrx_word' id='word_1_449' title='bbox 993 2503 1199 2539; x_wconf 88' lang='lat' dir='ltr'>dissimulat</span> <span class='ocrx_word' id='word_1_450' title='bbox 1222 2516 1320 2538; x_wconf 91' lang='lat' dir='ltr'>con-</span> 
     </span>
    </p>
   </div>
   <div class='ocr_carea' id='block_1_10' title="bbox 1376 1856 2375 2551">
    <p class='ocr_par' dir='ltr' id='par_1_11' title="bbox 1376 1856 2371 2379">
     <span class='ocr_line' id='line_1_64' title="bbox 1376 1856 2365 1905; baseline -0.006 -8"><span class='ocrx_word' id='word_1_451' title='bbox 1376 1870 1454 1897; x_wconf 88' lang='lat' dir='ltr'>tum</span> <span class='ocrx_word' id='word_1_452' title='bbox 1473 1860 1612 1897; x_wconf 90' lang='lat' dir='ltr'>claudit</span> <span class='ocrx_word' id='word_1_453' title='bbox 1630 1859 1756 1895; x_wconf 89' lang='lat' dir='ltr'>omnia</span> <span class='ocrx_word' id='word_1_454' title='bbox 1777 1857 2064 1894; x_wconf 84' lang='lat' dir='ltr'>concludentem</span> <span class='ocrx_word' id='word_1_455' title='bbox 2080 1885 2089 1901; x_wconf 88' lang='lat'>,</span> <span class='ocrx_word' id='word_1_456' title='bbox 2106 1856 2144 1892; x_wconf 90' lang='lat' dir='ltr'>in</span> <span class='ocrx_word' id='word_1_457' title='bbox 2166 1869 2242 1905; x_wconf 91' lang='lat' dir='ltr'>quo</span> <span class='ocrx_word' id='word_1_458' title='bbox 2263 1859 2365 1892; x_wconf 86' lang='lat' dir='ltr'>Deus</span> 
     </span>
     <span class='ocr_line' id='line_1_65' title="bbox 1376 1915 2363 1968; baseline -0.007 -13"><span class='ocrx_word' id='word_1_459' title='bbox 1376 1919 1502 1968; x_wconf 71' lang='lat' dir='ltr'>gloriae</span> <span class='ocrx_word' id='word_1_460' title='bbox 1523 1919 1738 1954; x_wconf 83' lang='lat' dir='ltr'>reclinatur.</span> <span class='ocrx_word' id='word_1_461' title='bbox 1761 1916 1933 1965; x_wconf 88' lang='lat' dir='ltr'>Denique</span> <span class='ocrx_word' id='word_1_462' title='bbox 1952 1924 1988 1952; x_wconf 92' lang='lat' dir='ltr'>et</span> <span class='ocrx_word' id='word_1_463' title='bbox 2018 1915 2270 1964; x_wconf 81' lang='lat' dir='ltr'>Archangelus</span> <span class='ocrx_word' id='word_1_464' title='bbox 2287 1925 2363 1949; x_wconf 92' lang='lat' dir='ltr'>non</span> 
     </span>
     <span class='ocr_line' id='line_1_66' title="bbox 1377 1974 2365 2025; baseline -0.007 -11"><span class='ocrx_word' id='word_1_465' title='bbox 1377 1979 1448 2022; x_wconf 91' lang='lat' dir='ltr'>ait,</span> <span class='ocrx_word' id='word_1_466' title='bbox 1472 1982 1560 2020; x_wconf 63' lang='lat' dir='ltr'>Avv,</span> <span class='ocrx_word' id='word_1_467' title='bbox 1588 1979 1718 2012; x_wconf 77' lang='lat' dir='ltr'>Maria</span> <span class='ocrx_word' id='word_1_468' title='bbox 1747 1975 1925 2025; x_wconf 86' lang='lat' dir='ltr'>replenda</span> <span class='ocrx_word' id='word_1_469' title='bbox 1943 1990 1951 2020; x_wconf 93' lang='lat'>;</span> <span class='ocrx_word' id='word_1_470' title='bbox 1980 1974 2042 2011; x_wconf 87' lang='lat' dir='ltr'>sed</span> <span class='ocrx_word' id='word_1_471' title='bbox 2063 2002 2071 2019; x_wconf 96' lang='lat'>,</span> <span class='ocrx_word' id='word_1_472' title='bbox 2097 1977 2245 2022; x_wconf 83' lang='lat' dir='ltr'>plena:</span> <span class='ocrx_word' id='word_1_473' title='bbox 2265 1985 2341 2008; x_wconf 92' lang='lat' dir='ltr'>non</span> <span class='ocrx_word' id='word_1_474' title='bbox 2355 2000 2365 2017; x_wconf 87' lang='lat'>,</span> 
     </span>
     <span class='ocr_line' id='line_1_67' title="bbox 1380 2033 2364 2079; baseline -0.006 -7"><span class='ocrx_word' id='word_1_475' title='bbox 1380 2036 1562 2073; x_wconf 86' lang='lat' dir='ltr'>Dominus</span> <span class='ocrx_word' id='word_1_476' title='bbox 1586 2035 1710 2071; x_wconf 80' lang='lat' dir='ltr'>veniet</span> <span class='ocrx_word' id='word_1_477' title='bbox 1737 2035 1773 2070; x_wconf 94' lang='lat' dir='ltr'>in</span> <span class='ocrx_word' id='word_1_478' title='bbox 1799 2042 1854 2079; x_wconf 88' lang='lat' dir='ltr'>te;</span> <span class='ocrx_word' id='word_1_479' title='bbox 1885 2033 1972 2077; x_wconf 88' lang='lat' dir='ltr'>sed,</span> <span class='ocrx_word' id='word_1_480' title='bbox 2002 2034 2182 2068; x_wconf 79' lang='lat' dir='ltr'>Dominus</span> <span class='ocrx_word' id='word_1_481' title='bbox 2215 2041 2331 2067; x_wconf 76' lang='lat' dir='ltr'>tecum</span> <span class='ocrx_word' id='word_1_482' title='bbox 2356 2045 2364 2066; x_wconf 78' lang='grc' dir='ltr'>ε</span> 
     </span>
     <span class='ocr_line' id='line_1_68' title="bbox 1379 2091 2368 2143; baseline -0.004 -13"><span class='ocrx_word' id='word_1_483' title='bbox 1379 2095 1466 2143; x_wconf 89' lang='lat' dir='ltr'>quia</span> <span class='ocrx_word' id='word_1_484' title='bbox 1483 2093 1571 2129; x_wconf 92' lang='lat' dir='ltr'>inde</span> <span class='ocrx_word' id='word_1_485' title='bbox 1587 2101 1700 2129; x_wconf 89' lang='lat' dir='ltr'>totam</span> <span class='ocrx_word' id='word_1_486' title='bbox 1717 2105 1796 2128; x_wconf 85' lang='lat' dir='ltr'>eam</span> <span class='ocrx_word' id='word_1_487' title='bbox 1817 2093 1887 2129; x_wconf 85' lang='lat' dir='ltr'>sibi</span> <span class='ocrx_word' id='word_1_488' title='bbox 1905 2099 2079 2142; x_wconf 80' lang='lat' dir='ltr'>rapuerat</span> <span class='ocrx_word' id='word_1_489' title='bbox 2101 2091 2260 2140; x_wconf 90' lang='lat' dir='ltr'>Spiritus</span> <span class='ocrx_word' id='word_1_490' title='bbox 2281 2101 2368 2126; x_wconf 90' lang='lat' dir='ltr'>san-</span> 
     </span>
     <span class='ocr_line' id='line_1_69' title="bbox 1381 2149 2368 2200; baseline -0.005 -11"><span class='ocrx_word' id='word_1_491' title='bbox 1381 2162 1462 2189; x_wconf 86' lang='lat' dir='ltr'>etus</span> <span class='ocrx_word' id='word_1_492' title='bbox 1476 2181 1485 2197; x_wconf 94' lang='lat'>,</span> <span class='ocrx_word' id='word_1_493' title='bbox 1505 2161 1543 2189; x_wconf 89' lang='lat' dir='ltr'>et</span> <span class='ocrx_word' id='word_1_494' title='bbox 1563 2151 1775 2188; x_wconf 83' lang='lat' dir='ltr'>coelestibus</span> <span class='ocrx_word' id='word_1_495' title='bbox 1793 2151 2007 2200; x_wconf 74' lang='lat' dir='ltr'>insignierat</span> <span class='ocrx_word' id='word_1_496' title='bbox 2024 2149 2267 2186; x_wconf 88' lang='lat' dir='ltr'>ornamentis.</span> <span class='ocrx_word' id='word_1_497' title='bbox 2285 2151 2368 2185; x_wconf 89' lang='lat' dir='ltr'>Jam</span> 
     </span>
     <span class='ocr_line' id='line_1_70' title="bbox 1381 2208 2371 2259; baseline -0.006 -10"><span class='ocrx_word' id='word_1_498' title='bbox 1381 2221 1595 2249; x_wconf 87' lang='lat' dir='ltr'>consecrata</span> <span class='ocrx_word' id='word_1_499' title='bbox 1618 2220 1697 2247; x_wconf 88' lang='lat' dir='ltr'>erat</span> <span class='ocrx_word' id='word_1_500' title='bbox 1720 2212 1756 2247; x_wconf 92' lang='lat' dir='ltr'>in</span> <span class='ocrx_word' id='word_1_501' title='bbox 1780 2212 1863 2247; x_wconf 89' lang='lat' dir='ltr'>loco</span> <span class='ocrx_word' id='word_1_502' title='bbox 1880 2210 2104 2259; x_wconf 77' lang='lat' dir='ltr'>voluptatis,</span> <span class='ocrx_word' id='word_1_503' title='bbox 2126 2209 2172 2246; x_wconf 84' lang='lat' dir='ltr'>de</span> <span class='ocrx_word' id='word_1_504' title='bbox 2191 2221 2268 2258; x_wconf 90' lang='lat' dir='ltr'>quo</span> <span class='ocrx_word' id='word_1_505' title='bbox 2287 2208 2371 2243; x_wconf 84' lang='lat' dir='ltr'>sons</span> 
     </span>
     <span class='ocr_line' id='line_1_71' title="bbox 1382 2268 2370 2317; baseline -0.004 -11"><span class='ocrx_word' id='word_1_506' title='bbox 1382 2272 1444 2307; x_wconf 90' lang='lat' dir='ltr'>ille</span> <span class='ocrx_word' id='word_1_507' title='bbox 1465 2269 1626 2306; x_wconf 84' lang='lat' dir='ltr'>debebat</span> <span class='ocrx_word' id='word_1_508' title='bbox 1641 2269 1858 2314; x_wconf 76' lang='lat' dir='ltr'>ascendere,</span> <span class='ocrx_word' id='word_1_509' title='bbox 1874 2269 1937 2317; x_wconf 90' lang='lat' dir='ltr'>qui</span> <span class='ocrx_word' id='word_1_510' title='bbox 1954 2268 2166 2304; x_wconf 87' lang='lat' dir='ltr'>universam</span> <span class='ocrx_word' id='word_1_511' title='bbox 2183 2275 2291 2304; x_wconf 81' lang='lat' dir='ltr'>terrae</span> <span class='ocrx_word' id='word_1_512' title='bbox 2307 2279 2370 2303; x_wconf 92' lang='lat' dir='ltr'>su-</span> 
     </span>
     <span class='ocr_line' id='line_1_72' title="bbox 1383 2329 1773 2379; baseline -0.008 -13"><span class='ocrx_word' id='word_1_513' title='bbox 1383 2329 1571 2379; x_wconf 77' lang='lat' dir='ltr'>perficiem</span> <span class='ocrx_word' id='word_1_514' title='bbox 1592 2329 1773 2376; x_wconf 78' lang='lat' dir='ltr'>irrigaret.</span> 
     </span>
    </p>

    <p class='ocr_par' dir='ltr' id='par_1_12' title="bbox 1384 2383 2375 2551">
     <span class='ocr_line' id='line_1_73' title="bbox 1438 2383 2375 2434; baseline -0.004 -11"><span class='ocrx_word' id='word_1_515' title='bbox 1438 2389 1472 2423; x_wconf 85' lang='lat'>3.</span> <span class='ocrx_word' id='word_1_516' title='bbox 1492 2387 1585 2423; x_wconf 89' lang='lat' dir='ltr'>Satis</span> <span class='ocrx_word' id='word_1_517' title='bbox 1605 2387 1798 2434; x_wconf 87' lang='lat' dir='ltr'>bucusque</span> <span class='ocrx_word' id='word_1_518' title='bbox 1820 2386 2025 2434; x_wconf 85' lang='lat' dir='ltr'>sparsimus</span> <span class='ocrx_word' id='word_1_519' title='bbox 2043 2384 2175 2429; x_wconf 82' lang='lat' dir='ltr'>verba,</span> <span class='ocrx_word' id='word_1_520' title='bbox 2192 2393 2228 2420; x_wconf 88' lang='lat' dir='ltr'>et</span> <span class='ocrx_word' id='word_1_521' title='bbox 2243 2383 2375 2419; x_wconf 91' lang='lat' dir='ltr'>volati-</span> 
     </span>
     <span class='ocr_line' id='line_1_74' title="bbox 1384 2443 2375 2492; baseline -0.004 -11"><span class='ocrx_word' id='word_1_522' title='bbox 1384 2446 1435 2481; x_wconf 86' lang='lat' dir='ltr'>cis</span> <span class='ocrx_word' id='word_1_523' title='bbox 1453 2444 1690 2481; x_wconf 82' lang='lat' dir='ltr'>sermonibus</span> <span class='ocrx_word' id='word_1_524' title='bbox 1711 2445 1856 2479; x_wconf 84' lang='lat' dir='ltr'>diversa</span> <span class='ocrx_word' id='word_1_525' title='bbox 1882 2443 2227 2492; x_wconf 72' lang='lat' dir='ltr'>praeseminavimus</span> <span class='ocrx_word' id='word_1_526' title='bbox 2246 2456 2254 2477; x_wconf 72' lang='grc' dir='ltr'>ε</span> <span class='ocrx_word' id='word_1_527' title='bbox 2274 2454 2375 2478; x_wconf 92' lang='lat' dir='ltr'>nunc</span> 
     </span>
     <span class='ocr_line' id='line_1_75' title="bbox 1385 2501 2374 2551; baseline -0.003 -11"><span class='ocrx_word' id='word_1_528' title='bbox 1385 2505 1597 2540; x_wconf 87' lang='lat' dir='ltr'>insistamus</span> <span class='ocrx_word' id='word_1_529' title='bbox 1617 2504 1675 2539; x_wconf 79' lang='lat' dir='ltr'>hic</span> <span class='ocrx_word' id='word_1_530' title='bbox 1689 2533 1698 2548; x_wconf 94' lang='lat'>,</span> <span class='ocrx_word' id='word_1_531' title='bbox 1719 2504 1746 2539; x_wconf 88' lang='lat' dir='ltr'>si</span> <span class='ocrx_word' id='word_1_532' title='bbox 1770 2504 1864 2539; x_wconf 86' lang='lat' dir='ltr'>sorte</span> <span class='ocrx_word' id='word_1_533' title='bbox 1884 2502 2035 2551; x_wconf 89' lang='lat' dir='ltr'>aliquod</span> <span class='ocrx_word' id='word_1_534' title='bbox 2063 2502 2216 2551; x_wconf 85' lang='lat' dir='ltr'>dignum</span> <span class='ocrx_word' id='word_1_535' title='bbox 2239 2501 2374 2537; x_wconf 87' lang='lat' dir='ltr'>elicere</span> 
     </span>
    </p>
   </div>
   <div class='ocr_carea' id='block_1_11' title="bbox 334 2559 2378 2611">
    <p class='ocr_par' dir='ltr' id='par_1_13' title="bbox 334 2559 2378 2611">
     <span class='ocr_line' id='line_1_76' title="bbox 334 2559 2378 2611; baseline -0.004 -10"><span class='ocrx_word' id='word_1_536' title='bbox 334 2566 532 2601; x_wconf 89' lang='lat' dir='ltr'>fusionem.</span> <span class='ocrx_word' id='word_1_537' title='bbox 561 2564 726 2600; x_wconf 88' lang='lat' dir='ltr'>Tandem</span> <span class='ocrx_word' id='word_1_538' title='bbox 756 2563 921 2598; x_wconf 88' lang='lat' dir='ltr'>nascitur</span> <span class='ocrx_word' id='word_1_539' title='bbox 948 2563 1088 2607; x_wconf 78' lang='lat' dir='ltr'>Maria,</span> <span class='ocrx_word' id='word_1_540' title='bbox 1122 2571 1158 2598; x_wconf 88' lang='lat' dir='ltr'>et</span> <span class='ocrx_word' id='word_1_541' title='bbox 1182 2562 1226 2598; x_wconf 93' lang='lat' dir='ltr'>ad</span> <span class='ocrx_word' id='word_1_542' title='bbox 1249 2575 1320 2597; x_wconf 91' lang='lat' dir='ltr'>nu-</span> <span class='ocrx_word' id='word_1_543' title='bbox 1340 2572 1371 2604; x_wconf 75' lang='grc' dir='ltr'>Β</span> <span class='ocrx_word' id='word_1_544' title='bbox 1388 2563 1585 2598; x_wconf 77' lang='lat' dir='ltr'>valeamus.</span> <span class='ocrx_word' id='word_1_545' title='bbox 1613 2565 1779 2605; x_wconf 71' lang='lat' dir='ltr'>Flavius,</span> <span class='ocrx_word' id='word_1_546' title='bbox 1809 2562 1859 2598; x_wconf 87' lang='lat' dir='ltr'>ait</span> <span class='ocrx_word' id='word_1_547' title='bbox 1878 2562 2094 2611; x_wconf 87' lang='lat' dir='ltr'>Scriptura,</span> <span class='ocrx_word' id='word_1_548' title='bbox 2120 2559 2378 2609; x_wconf 79' lang='lat' dir='ltr'>egrediebatur</span> 
     </span>
    </p>
   </div>
   <div class='ocr_carea' id='block_1_12' title="bbox 333 2621 1328 3138">
    <p class='ocr_par' dir='ltr' id='par_1_14' title="bbox 333 2621 1328 3138">
     <span class='ocr_line' id='line_1_77' title="bbox 333 2621 1320 2671; baseline -0.005 -11"><span class='ocrx_word' id='word_1_549' title='bbox 333 2625 427 2660; x_wconf 83' lang='lat' dir='ltr'>biles</span> <span class='ocrx_word' id='word_1_550' title='bbox 444 2636 563 2659; x_wconf 90' lang='lat' dir='ltr'>annos</span> <span class='ocrx_word' id='word_1_551' title='bbox 579 2622 773 2671; x_wconf 79' lang='lat' dir='ltr'>egrediens</span> <span class='ocrx_word' id='word_1_552' title='bbox 788 2622 948 2670; x_wconf 87' lang='lat' dir='ltr'>speciem</span> <span class='ocrx_word' id='word_1_553' title='bbox 965 2621 1087 2657; x_wconf 88' lang='lat' dir='ltr'>induit</span> <span class='ocrx_word' id='word_1_554' title='bbox 1099 2621 1320 2670; x_wconf 87' lang='lat' dir='ltr'>speciosam,</span> 
     </span>
     <span class='ocr_line' id='line_1_78' title="bbox 333 2679 1322 2731; baseline -0.005 -12"><span class='ocrx_word' id='word_1_555' title='bbox 333 2697 417 2731; x_wconf 82' lang='lat' dir='ltr'>quae</span> <span class='ocrx_word' id='word_1_556' title='bbox 437 2683 558 2731; x_wconf 89' lang='lat' dir='ltr'>ipsum</span> <span class='ocrx_word' id='word_1_557' title='bbox 579 2681 715 2717; x_wconf 90' lang='lat' dir='ltr'>alliciat</span> <span class='ocrx_word' id='word_1_558' title='bbox 741 2684 860 2716; x_wconf 79' lang='lat' dir='ltr'>Deum</span> <span class='ocrx_word' id='word_1_559' title='bbox 879 2709 887 2725; x_wconf 90' lang='lat'>,</span> <span class='ocrx_word' id='word_1_560' title='bbox 909 2689 946 2715; x_wconf 83' lang='lat' dir='ltr'>et</span> <span class='ocrx_word' id='word_1_561' title='bbox 971 2680 1176 2715; x_wconf 84' lang='lat' dir='ltr'>divinitatis</span> <span class='ocrx_word' id='word_1_562' title='bbox 1192 2679 1322 2715; x_wconf 90' lang='lat' dir='ltr'>oculos</span> 
     </span>
     <span class='ocr_line' id='line_1_79' title="bbox 334 2739 1321 2787; baseline -0.004 -9"><span class='ocrx_word' id='word_1_563' title='bbox 334 2744 370 2778; x_wconf 90' lang='lat' dir='ltr'>in</span> <span class='ocrx_word' id='word_1_564' title='bbox 393 2755 430 2777; x_wconf 87' lang='lat' dir='ltr'>se</span> <span class='ocrx_word' id='word_1_565' title='bbox 455 2748 662 2777; x_wconf 74' lang='lat' dir='ltr'>convertat.</span> <span class='ocrx_word' id='word_1_566' title='bbox 687 2739 779 2776; x_wconf 70' lang='lat' dir='ltr'>Vide</span> <span class='ocrx_word' id='word_1_567' title='bbox 804 2739 895 2787; x_wconf 87' lang='lat' dir='ltr'>quid</span> <span class='ocrx_word' id='word_1_568' title='bbox 917 2739 1004 2775; x_wconf 87' lang='lat' dir='ltr'>inde</span> <span class='ocrx_word' id='word_1_569' title='bbox 1030 2739 1128 2775; x_wconf 86' lang='lat' dir='ltr'>dicat</span> <span class='ocrx_word' id='word_1_570' title='bbox 1156 2739 1217 2775; x_wconf 79' lang='lat' dir='ltr'>ille</span> <span class='ocrx_word' id='word_1_571' title='bbox 1245 2751 1321 2774; x_wconf 89' lang='lat' dir='ltr'>non</span> 
     </span>
     <span class='ocr_line' id='line_1_80' title="bbox 335 2798 1321 2847; baseline -0.006 -11"><span class='ocrx_word' id='word_1_572' title='bbox 335 2801 511 2836; x_wconf 86' lang='lat' dir='ltr'>minimus</span> <span class='ocrx_word' id='word_1_573' title='bbox 545 2799 763 2847; x_wconf 83' lang='lat' dir='ltr'>explorator</span> <span class='ocrx_word' id='word_1_574' title='bbox 797 2806 1028 2834; x_wconf 85' lang='lat' dir='ltr'>secretorum</span> <span class='ocrx_word' id='word_1_575' title='bbox 1056 2798 1125 2834; x_wconf 90' lang='lat' dir='ltr'>Dei</span> <span class='ocrx_word' id='word_1_576' title='bbox 1154 2813 1161 2834; x_wconf 74' lang='grc' dir='ltr'><strong><em>ι</em></strong></span> <span class='ocrx_word' id='word_1_577' title='bbox 1196 2798 1321 2840; x_wconf 71' lang='lat' dir='ltr'>Audi,</span> 
     </span>
     <span class='ocr_line' id='line_1_81' title="bbox 337 2858 1322 2907; baseline -0.005 -13"><span class='ocrx_word' id='word_1_578' title='bbox 337 2858 482 2907; x_wconf 89' lang='lat' dir='ltr'>inquit,</span> <span class='ocrx_word' id='word_1_579' title='bbox 497 2858 608 2902; x_wconf 77' lang='lat' dir='ltr'>stlta,</span> <span class='ocrx_word' id='word_1_580' title='bbox 632 2865 667 2891; x_wconf 79' lang='lat' dir='ltr'>et</span> <span class='ocrx_word' id='word_1_581' title='bbox 692 2858 794 2899; x_wconf 71' lang='lat' dir='ltr'>vide,</span> <span class='ocrx_word' id='word_1_582' title='bbox 817 2865 851 2890; x_wconf 82' lang='lat' dir='ltr'>ct</span> <span class='ocrx_word' id='word_1_583' title='bbox 880 2859 1020 2890; x_wconf 76' lang='lat' dir='ltr'>inclina</span> <span class='ocrx_word' id='word_1_584' title='bbox 1043 2868 1171 2890; x_wconf 81' lang='lat' dir='ltr'>aurem</span> <span class='ocrx_word' id='word_1_585' title='bbox 1197 2864 1296 2890; x_wconf 77' lang='lat' dir='ltr'>tuam</span> <span class='ocrx_word' id='word_1_586' title='bbox 1312 2883 1322 2898; x_wconf 90' lang='lat'>,</span> 
     </span>
     <span class='ocr_line' id='line_1_82' title="bbox 336 2916 1327 2962; baseline -0.001 -12"><span class='ocrx_word' id='word_1_587' title='bbox 336 2926 370 2950; x_wconf 77' lang='lat' dir='ltr'>et</span> <span class='ocrx_word' id='word_1_588' title='bbox 389 2916 595 2950; x_wconf 78' lang='lat' dir='ltr'>obliviscere</span> <span class='ocrx_word' id='word_1_589' title='bbox 621 2917 800 2962; x_wconf 75' lang='lat' dir='ltr'>populum</span> <span class='ocrx_word' id='word_1_590' title='bbox 834 2923 956 2958; x_wconf 76' lang='lat' dir='ltr'>titum,</span> <span class='ocrx_word' id='word_1_591' title='bbox 987 2923 1022 2949; x_wconf 81' lang='lat' dir='ltr'>et</span> <span class='ocrx_word' id='word_1_592' title='bbox 1043 2916 1189 2949; x_wconf 82' lang='lat' dir='ltr'>domum</span> <span class='ocrx_word' id='word_1_593' title='bbox 1206 2918 1327 2962; x_wconf 78' lang='lat' dir='ltr'>patris</span> 
     </span>
     <span class='ocr_line' id='line_1_83' title="bbox 336 2974 1326 3021; baseline -0.001 -12"><span class='ocrx_word' id='word_1_594' title='bbox 336 2980 389 3009; x_wconf 78' lang='lat' dir='ltr'>tui</span> <span class='ocrx_word' id='word_1_595' title='bbox 414 2989 423 3008; x_wconf 93' lang='grc'>.·</span> <span class='ocrx_word' id='word_1_596' title='bbox 439 2983 475 3009; x_wconf 81' lang='lat' dir='ltr'>et</span> <span class='ocrx_word' id='word_1_597' title='bbox 491 2978 718 3020; x_wconf 72' lang='lat' dir='ltr'>concupiscet</span> <span class='ocrx_word' id='word_1_598' title='bbox 734 2975 816 3007; x_wconf 76' lang='lat' dir='ltr'>Rex</span> <span class='ocrx_word' id='word_1_599' title='bbox 830 2974 994 3008; x_wconf 80' lang='lat' dir='ltr'>decorem</span> <span class='ocrx_word' id='word_1_600' title='bbox 1011 2981 1109 3008; x_wconf 79' lang='lat' dir='ltr'>tunm</span> <span class='ocrx_word' id='word_1_601' title='bbox 1124 3000 1133 3017; x_wconf 90' lang='lat'>,</span> <span class='ocrx_word' id='word_1_602' title='bbox 1152 2978 1326 3021; x_wconf 78' lang='lat' dir='ltr'>quoniam</span> 
     </span>
     <span class='ocr_line' id='line_1_84' title="bbox 338 3029 1328 3081; baseline 0 -14"><span class='ocrx_word' id='word_1_603' title='bbox 338 3039 416 3081; x_wconf 71' lang='lat' dir='ltr'>ipsc</span> <span class='ocrx_word' id='word_1_604' title='bbox 436 3041 487 3067; x_wconf 67' lang='lat' dir='ltr'>est</span> <span class='ocrx_word' id='word_1_605' title='bbox 515 3034 691 3066; x_wconf 76' lang='lat' dir='ltr'>Dominus</span> <span class='ocrx_word' id='word_1_606' title='bbox 721 3034 815 3065; x_wconf 74' lang='lat' dir='ltr'>Dens</span> <span class='ocrx_word' id='word_1_607' title='bbox 835 3039 917 3065; x_wconf 81' lang='lat' dir='ltr'>tuns</span> <span class='ocrx_word' id='word_1_608' title='bbox 936 3029 961 3066; x_wconf 79' lang='lat'>³.</span> <span class='ocrx_word' id='word_1_609' title='bbox 992 3031 1187 3068; x_wconf 83' lang='lat' dir='ltr'>Germinat</span> <span class='ocrx_word' id='word_1_610' title='bbox 1216 3032 1328 3081; x_wconf 82' lang='lat' dir='ltr'>igitur</span> 
     </span>
     <span class='ocr_line' id='line_1_85' title="bbox 341 3089 1327 3138; baseline 0.002 -14"><span class='ocrx_word' id='word_1_611' title='bbox 341 3092 443 3138; x_wconf 66' lang='lat' dir='ltr'>virga</span> <span class='ocrx_word' id='word_1_612' title='bbox 463 3094 565 3126; x_wconf 86' lang='lat' dir='ltr'>Jcsse</span> <span class='ocrx_word' id='word_1_613' title='bbox 586 3089 631 3124; x_wconf 91' lang='lat' dir='ltr'>de</span> <span class='ocrx_word' id='word_1_614' title='bbox 657 3097 823 3124; x_wconf 84' lang='lat' dir='ltr'>tortuosa</span> <span class='ocrx_word' id='word_1_615' title='bbox 850 3089 975 3124; x_wconf 86' lang='lat' dir='ltr'>radice</span> <span class='ocrx_word' id='word_1_616' title='bbox 1003 3091 1150 3138; x_wconf 83' lang='lat' dir='ltr'>generis</span> <span class='ocrx_word' id='word_1_617' title='bbox 1174 3091 1327 3126; x_wconf 87' lang='lat' dir='ltr'>humani</span> 
     </span>
    </p>
   </div>
   <div class='ocr_carea' id='block_1_13' title="bbox 1381 2622 2382 3139">
    <p class='ocr_par' dir='ltr' id='par_1_15' title="bbox 1381 2622 2382 3139">
     <span class='ocr_line' id='line_1_86' title="bbox 1386 2622 2378 2669; baseline -0.002 -13"><span class='ocrx_word' id='word_1_618' title='bbox 1386 2624 1431 2656; x_wconf 78' lang='lat' dir='ltr'>de</span> <span class='ocrx_word' id='word_1_619' title='bbox 1445 2625 1521 2656; x_wconf 76' lang='lat' dir='ltr'>loco</span> <span class='ocrx_word' id='word_1_620' title='bbox 1541 2624 1744 2669; x_wconf 76' lang='lat' dir='ltr'>voluptatis</span> <span class='ocrx_word' id='word_1_621' title='bbox 1759 2623 1812 2656; x_wconf 82' lang='lat' dir='ltr'>ml</span> <span class='ocrx_word' id='word_1_622' title='bbox 1829 2622 2062 2669; x_wconf 79' lang='lat' dir='ltr'>irrigandam</span> <span class='ocrx_word' id='word_1_623' title='bbox 2083 2624 2285 2655; x_wconf 78' lang='lat' dir='ltr'>universnm</span> <span class='ocrx_word' id='word_1_624' title='bbox 2310 2633 2378 2654; x_wconf 80' lang='lat' dir='ltr'>su-</span> 
     </span>
     <span class='ocr_line' id='line_1_87' title="bbox 1381 2681 2378 2728; baseline -0.001 -13"><span class='ocrx_word' id='word_1_625' title='bbox 1381 2681 1570 2728; x_wconf 72' lang='lat' dir='ltr'>perficiem</span> <span class='ocrx_word' id='word_1_626' title='bbox 1598 2689 1727 2723; x_wconf 76' lang='lat' dir='ltr'>terroe,</span> <span class='ocrx_word' id='word_1_627' title='bbox 1750 2685 1813 2728; x_wconf 80' lang='lat' dir='ltr'>qui</span> <span class='ocrx_word' id='word_1_628' title='bbox 1839 2682 1925 2715; x_wconf 78' lang='lat' dir='ltr'>inde</span> <span class='ocrx_word' id='word_1_629' title='bbox 1949 2682 2127 2715; x_wconf 74' lang='lat' dir='ltr'>dividitur</span> <span class='ocrx_word' id='word_1_630' title='bbox 2149 2684 2188 2714; x_wconf 76' lang='lat' dir='ltr'>itz</span> <span class='ocrx_word' id='word_1_631' title='bbox 2217 2687 2378 2726; x_wconf 74' lang='lat' dir='ltr'>quatuor</span> 
     </span>
     <span class='ocr_line' id='line_1_88' title="bbox 1389 2739 2376 2787; baseline -0.001 -13"><span class='ocrx_word' id='word_1_632' title='bbox 1389 2744 1516 2787; x_wconf 78' lang='lat' dir='ltr'>capita</span> <span class='ocrx_word' id='word_1_633' title='bbox 1530 2739 1556 2774; x_wconf 83' lang='lat'>⁵.</span> <span class='ocrx_word' id='word_1_634' title='bbox 1586 2739 1737 2775; x_wconf 80' lang='lat' dir='ltr'>Fluvius</span> <span class='ocrx_word' id='word_1_635' title='bbox 1754 2739 1823 2775; x_wconf 85' lang='lat' dir='ltr'>iste</span> <span class='ocrx_word' id='word_1_636' title='bbox 1843 2747 1898 2775; x_wconf 87' lang='lat' dir='ltr'>est</span> <span class='ocrx_word' id='word_1_637' title='bbox 1919 2739 2104 2775; x_wconf 88' lang='lat' dir='ltr'>Dominus</span> <span class='ocrx_word' id='word_1_638' title='bbox 2124 2751 2228 2774; x_wconf 88' lang='lat' dir='ltr'>meus</span> <span class='ocrx_word' id='word_1_639' title='bbox 2247 2741 2354 2774; x_wconf 81' lang='lat' dir='ltr'>Jesus</span> <span class='ocrx_word' id='word_1_640' title='bbox 2367 2766 2376 2782; x_wconf 93' lang='lat'>,</span> 
     </span>
     <span class='ocr_line' id='line_1_89' title="bbox 1390 2796 2377 2847; baseline -0.002 -14"><span class='ocrx_word' id='word_1_641' title='bbox 1390 2798 1454 2847; x_wconf 92' lang='lat' dir='ltr'>qui</span> <span class='ocrx_word' id='word_1_642' title='bbox 1483 2798 1528 2833; x_wconf 88' lang='lat' dir='ltr'>de</span> <span class='ocrx_word' id='word_1_643' title='bbox 1560 2797 1709 2834; x_wconf 85' lang='lat' dir='ltr'>duobus</span> <span class='ocrx_word' id='word_1_644' title='bbox 1738 2798 1829 2834; x_wconf 91' lang='lat' dir='ltr'>locis</span> <span class='ocrx_word' id='word_1_645' title='bbox 1857 2798 2060 2846; x_wconf 84' lang='lat' dir='ltr'>voluptatis</span> <span class='ocrx_word' id='word_1_646' title='bbox 2088 2796 2302 2846; x_wconf 78' lang='lat' dir='ltr'>egreditur,</span> <span class='ocrx_word' id='word_1_647' title='bbox 2331 2809 2377 2832; x_wconf 86' lang='lat' dir='ltr'>ex</span> 
     </span>
     <span class='ocr_line' id='line_1_90' title="bbox 1391 2854 2378 2904; baseline -0.002 -12"><span class='ocrx_word' id='word_1_648' title='bbox 1391 2865 1499 2893; x_wconf 85' lang='lat' dir='ltr'>utero</span> <span class='ocrx_word' id='word_1_649' title='bbox 1523 2856 1661 2901; x_wconf 88' lang='lat' dir='ltr'>Patris,</span> <span class='ocrx_word' id='word_1_650' title='bbox 1684 2864 1719 2892; x_wconf 88' lang='lat' dir='ltr'>et</span> <span class='ocrx_word' id='word_1_651' title='bbox 1744 2869 1790 2892; x_wconf 76' lang='lat' dir='ltr'>ex</span> <span class='ocrx_word' id='word_1_652' title='bbox 1819 2864 1927 2892; x_wconf 89' lang='lat' dir='ltr'>utero</span> <span class='ocrx_word' id='word_1_653' title='bbox 1952 2856 2126 2904; x_wconf 79' lang='lat' dir='ltr'>Virginis.</span> <span class='ocrx_word' id='word_1_654' title='bbox 2145 2854 2257 2892; x_wconf 89' lang='lat' dir='ltr'>Unde</span> <span class='ocrx_word' id='word_1_655' title='bbox 2285 2867 2378 2904; x_wconf 87' lang='lat' dir='ltr'>pro—</span> 
     </span>
     <span class='ocr_line' id='line_1_91' title="bbox 1393 2914 2377 2963; baseline -0.001 -14"><span class='ocrx_word' id='word_1_656' title='bbox 1393 2914 1503 2963; x_wconf 82' lang='lat' dir='ltr'>pheta</span> <span class='ocrx_word' id='word_1_657' title='bbox 1528 2929 1536 2949; x_wconf 78' lang='grc' dir='ltr'><strong>ι</strong></span> <span class='ocrx_word' id='word_1_658' title='bbox 1558 2918 1738 2950; x_wconf 70' lang='lat' dir='ltr'>Dominus</span> <span class='ocrx_word' id='word_1_659' title='bbox 1766 2917 1865 2949; x_wconf 79' lang='lat' dir='ltr'>Deus</span> <span class='ocrx_word' id='word_1_660' title='bbox 1889 2923 2010 2949; x_wconf 76' lang='lat' dir='ltr'>noster</span> <span class='ocrx_word' id='word_1_661' title='bbox 2027 2914 2161 2956; x_wconf 74' lang='lat' dir='ltr'>flavius</span> <span class='ocrx_word' id='word_1_662' title='bbox 2176 2915 2377 2960; x_wconf 77' lang='lat' dir='ltr'>gloriosus,</span> 
     </span>
     <span class='ocr_line' id='line_1_92' title="bbox 1393 2970 2380 3009; baseline -0.003 0"><span class='ocrx_word' id='word_1_663' title='bbox 1393 2976 1564 3009; x_wconf 52' lang='lat' dir='ltr'>miliens</span> <span class='ocrx_word' id='word_1_664' title='bbox 1585 2978 1622 3008; x_wconf 82' lang='lat' dir='ltr'>in</span> <span class='ocrx_word' id='word_1_665' title='bbox 1650 2983 1784 3008; x_wconf 66' lang='lat' dir='ltr'>terram</span> <span class='ocrx_word' id='word_1_666' title='bbox 1809 2977 2000 3009; x_wconf 76' lang='lat' dir='ltr'>sitientem.</span> <span class='ocrx_word' id='word_1_667' title='bbox 2027 2972 2098 3009; x_wconf 90' lang='lat' dir='ltr'>Sed</span> <span class='ocrx_word' id='word_1_668' title='bbox 2126 2970 2380 3008; x_wconf 87' lang='lat' dir='ltr'>ineffabilibus</span> 
     </span>
     <span class='ocr_line' id='line_1_93' title="bbox 1393 3031 2381 3081; baseline -0.003 -14"><span class='ocrx_word' id='word_1_669' title='bbox 1393 3031 1612 3068; x_wconf 87' lang='lat' dir='ltr'>differentiis</span> <span class='ocrx_word' id='word_1_670' title='bbox 1638 3033 1749 3081; x_wconf 81' lang='lat' dir='ltr'>longe</span> <span class='ocrx_word' id='word_1_671' title='bbox 1777 3032 1883 3068; x_wconf 88' lang='lat' dir='ltr'>aliter</span> <span class='ocrx_word' id='word_1_672' title='bbox 1903 3045 1921 3068; x_wconf 92' lang='lat' dir='ltr'>a</span> <span class='ocrx_word' id='word_1_673' title='bbox 1948 3035 2056 3068; x_wconf 89' lang='lat' dir='ltr'>Patre</span> <span class='ocrx_word' id='word_1_674' title='bbox 2083 3043 2195 3079; x_wconf 89' lang='lat' dir='ltr'>quam</span> <span class='ocrx_word' id='word_1_675' title='bbox 2222 3042 2241 3065; x_wconf 93' lang='lat' dir='ltr'>a</span> <span class='ocrx_word' id='word_1_676' title='bbox 2261 3032 2381 3065; x_wconf 86' lang='lat' dir='ltr'>Matre</span> 
     </span>
     <span class='ocr_line' id='line_1_94' title="bbox 1393 3088 2382 3139; baseline -0.004 -13"><span class='ocrx_word' id='word_1_677' title='bbox 1393 3091 1582 3139; x_wconf 76' lang='lat' dir='ltr'>egreditur</span> <span class='ocrx_word' id='word_1_678' title='bbox 1596 3105 1602 3126; x_wconf 94' lang='lat'><strong>:</strong></span> <span class='ocrx_word' id='word_1_679' title='bbox 1616 3091 1702 3139; x_wconf 91' lang='lat' dir='ltr'>quia</span> <span class='ocrx_word' id='word_1_680' title='bbox 1718 3091 1785 3126; x_wconf 88' lang='lat' dir='ltr'>etsi</span> <span class='ocrx_word' id='word_1_681' title='bbox 1798 3091 1875 3126; x_wconf 77' lang='lat' dir='ltr'>liaec</span> <span class='ocrx_word' id='word_1_682' title='bbox 1891 3089 2108 3139; x_wconf 85' lang='lat' dir='ltr'>temporalis</span> <span class='ocrx_word' id='word_1_683' title='bbox 2123 3088 2293 3124; x_wconf 81' lang='lat' dir='ltr'>nativitas</span> <span class='ocrx_word' id='word_1_684' title='bbox 2305 3088 2382 3135; x_wconf 82' lang='lat' dir='ltr'>glo-</span> 
     </span>
    </p>
   </div>
   <div class='ocr_carea' id='block_1_14' title="bbox 394 3212 2160 3252">
    <p class='ocr_par' dir='ltr' id='par_1_16' title="bbox 394 3212 2160 3252">
     <span class='ocr_line' id='line_1_95' title="bbox 394 3212 2160 3252; baseline -0.002 -7"><span class='ocrx_word' id='word_1_685' title='bbox 394 3218 500 3244; x_wconf 61' lang='grc' dir='ltr'>ΤΑ-ιι.</span> <span class='ocrx_word' id='word_1_686' title='bbox 517 3225 556 3243; x_wconf 86' lang='lat'>1¹1</span> <span class='ocrx_word' id='word_1_687' title='bbox 572 3238 578 3249; x_wconf 85' lang='lat'>‚</span> <span class='ocrx_word' id='word_1_688' title='bbox 602 3216 651 3243; x_wconf 80' lang='lat'>17.</span> <span class='ocrx_word' id='word_1_689' title='bbox 670 3230 710 3234; x_wconf 38' lang='grc' dir='ltr'>ψ</span> <span class='ocrx_word' id='word_1_690' title='bbox 729 3218 738 3232; x_wconf 90' lang='lat'>²</span> <span class='ocrx_word' id='word_1_691' title='bbox 756 3215 846 3243; x_wconf 81' lang='lat' dir='ltr'>Rom.</span> <span class='ocrx_word' id='word_1_692' title='bbox 870 3224 948 3248; x_wconf 81' lang='lat' dir='ltr'>vnr.</span> <span class='ocrx_word' id='word_1_693' title='bbox 970 3217 1023 3244; x_wconf 86' lang='lat'>22.</span> <span class='ocrx_word' id='word_1_694' title='bbox 1040 3232 1081 3236; x_wconf 96' lang='lat'><strong>—</strong></span> <span class='ocrx_word' id='word_1_695' title='bbox 1098 3212 1111 3235; x_wconf 86' lang='lat'><strong>³</strong></span> <span class='ocrx_word' id='word_1_696' title='bbox 1127 3216 1522 3252; x_wconf 74' lang='lat' dir='ltr'>Psat.x1.1v,11,12.—</span> <span class='ocrx_word' id='word_1_697' title='bbox 1544 3215 1557 3241; x_wconf 67' lang='grc'>4</span> <span class='ocrx_word' id='word_1_698' title='bbox 1579 3215 1647 3245; x_wconf 85' lang='lat' dir='ltr'>lsai.</span> <span class='ocrx_word' id='word_1_699' title='bbox 1662 3225 1738 3249; x_wconf 66' lang='lat' dir='ltr'>avr,</span> <span class='ocrx_word' id='word_1_700' title='bbox 1765 3216 1828 3244; x_wconf 88' lang='grc'>1-3.</span> <span class='ocrx_word' id='word_1_701' title='bbox 1846 3232 1887 3236; x_wconf 86' lang='lat'>-—</span> <span class='ocrx_word' id='word_1_702' title='bbox 1909 3212 1922 3234; x_wconf 79' lang='lat'><strong>5</strong></span> <span class='ocrx_word' id='word_1_703' title='bbox 1941 3216 2020 3243; x_wconf 80' lang='lat' dir='ltr'>Gen.</span> <span class='ocrx_word' id='word_1_704' title='bbox 2044 3224 2066 3242; x_wconf 83' lang='lat' dir='ltr'>it</span> <span class='ocrx_word' id='word_1_705' title='bbox 2081 3236 2089 3250; x_wconf 90' lang='lat'><em>‚</em></span> <span class='ocrx_word' id='word_1_706' title='bbox 2111 3216 2160 3242; x_wconf 87' lang='grc'>10.</span> 
     </span>
    </p>
   </div>
   <div class='ocr_carea' id='block_1_15' title="bbox 387 3271 1029 3313">
    <p class='ocr_par' dir='ltr' id='par_1_17' title="bbox 387 3271 1029 3313">
     <span class='ocr_line' id='line_1_96' title="bbox 387 3271 1029 3313; baseline 0 -11"><span class='ocrx_word' id='word_1_707' title='bbox 387 3282 400 3294; x_wconf 89' lang='grc'>··</span> <span class='ocrx_word' id='word_1_708' title='bbox 420 3272 594 3313; x_wconf 68' lang='grc' dir='ltr'>ΙΙ)Ἰ)(.·1·Ι)01;1</span> <span class='ocrx_word' id='word_1_709' title='bbox 611 3278 641 3301; x_wconf 91' lang='lat' dir='ltr'>ut</span> <span class='ocrx_word' id='word_1_710' title='bbox 665 3271 810 3311; x_wconf 67' lang='lat' dir='ltr'>significet</span> <span class='ocrx_word' id='word_1_711' title='bbox 832 3271 1029 3302; x_wconf 74' lang='lat' dir='ltr'>celeritateu‘i.</span> 
     </span>
    </p>
   </div>
  </div>
 </body>
</html>
