<?xml version="1.0" encoding="UTF-8"?>
<!DOCTYPE html PUBLIC "-//W3C//DTD XHTML 1.0 Transitional//EN"
    "http://www.w3.org/TR/xhtml1/DTD/xhtml1-transitional.dtd">
<html xmlns="http://www.w3.org/1999/xhtml" xml:lang="en" lang="en">
 <head>
  <title>
</title>
<meta http-equiv="Content-Type" content="text/html;charset=utf-8" />
  <meta name='ocr-system' content='tesseract 3.04.00' />
  <meta name='ocr-capabilities' content='ocr_page ocr_carea ocr_par ocr_line ocrx_word'/>
</head>
<body>
  <div class='ocr_page' id='page_1' title='image "./operaomniapostho05bern/operaomniapostho05bern_0018.png"; bbox 0 0 2504 3928; ppageno 0'>
   <div class='ocr_carea' id='block_1_1' title="bbox 258 243 2296 286">
    <p class='ocr_par' dir='ltr' id='par_1_1' title="bbox 258 243 2296 286">
     <span class='ocr_line' id='line_1_1' title="bbox 258 243 2296 286; baseline -0.003 0"><span class='ocrx_word' id='word_1_1' title='bbox 258 251 304 286; x_wconf 76' lang='lat'>&#39;23</span> <span class='ocrx_word' id='word_1_2' title='bbox 1020 249 1310 284; x_wconf 68' lang='lat' dir='ltr'>GtLLEssEtt&#39;rt</span> <span class='ocrx_word' id='word_1_3' title='bbox 1344 250 1539 285; x_wconf 71' lang='lat' dir='ltr'><strong>ABBATIS</strong></span> <span class='ocrx_word' id='word_1_4' title='bbox 2251 243 2296 280; x_wconf 71' lang='lat'>24</span> 
     </span>
    </p>
   </div>
   <div class='ocr_carea' id='block_1_2' title="bbox 261 323 1288 373">
    <p class='ocr_par' dir='ltr' id='par_1_2' title="bbox 261 323 1288 373">
     <span class='ocr_line' id='line_1_2' title="bbox 261 323 1288 373; baseline -0.005 -9"><span class='ocrx_word' id='word_1_5' title='bbox 261 336 406 368; x_wconf 80' lang='lat' dir='ltr'>currat,</span> <span class='ocrx_word' id='word_1_6' title='bbox 433 336 470 363; x_wconf 85' lang='lat' dir='ltr'>et</span> <span class='ocrx_word' id='word_1_7' title='bbox 495 326 667 362; x_wconf 85' lang='lat' dir='ltr'>decurrat</span> <span class='ocrx_word' id='word_1_8' title='bbox 698 337 815 372; x_wconf 85' lang='lat' dir='ltr'>nsque</span> <span class='ocrx_word' id='word_1_9' title='bbox 843 324 880 359; x_wconf 88' lang='lat' dir='ltr'>in</span> <span class='ocrx_word' id='word_1_10' title='bbox 911 333 1153 373; x_wconf 84' lang='lat' dir='ltr'>conspectum</span> <span class='ocrx_word' id='word_1_11' title='bbox 1179 324 1247 360; x_wconf 86' lang='lat' dir='ltr'>Dei</span> <span class='ocrx_word' id='word_1_12' title='bbox 1277 323 1288 341; x_wconf 77' lang='lat'><strong>⁴</strong></span> 
     </span>
    </p>
   </div>
   <div class='ocr_carea' id='block_1_3' title="bbox 1313 321 2299 373">
    <p class='ocr_par' dir='ltr' id='par_1_3' title="bbox 1313 321 2299 373">
     <span class='ocr_line' id='line_1_3' title="bbox 1313 321 2299 373; baseline -0.001 -14"><span class='ocrx_word' id='word_1_13' title='bbox 1313 323 1436 359; x_wconf 87' lang='lat' dir='ltr'>dilecti</span> <span class='ocrx_word' id='word_1_14' title='bbox 1460 331 1628 359; x_wconf 83' lang='lat' dir='ltr'>recenset</span> <span class='ocrx_word' id='word_1_15' title='bbox 1646 321 1870 359; x_wconf 72' lang='lat' dir='ltr'>vocabulum</span> <span class='ocrx_word' id='word_1_16' title='bbox 1888 336 2129 373; x_wconf 88' lang='lat' dir='ltr'>quocumque</span> <span class='ocrx_word' id='word_1_17' title='bbox 2149 336 2193 360; x_wconf 88' lang='lat' dir='ltr'>ex</span> <span class='ocrx_word' id='word_1_18' title='bbox 2214 335 2299 371; x_wconf 81' lang='lat' dir='ltr'>my-</span> 
     </span>
    </p>
   </div>
   <div class='ocr_carea' id='block_1_4' title="bbox 263 382 2301 434">
    <p class='ocr_par' dir='ltr' id='par_1_4' title="bbox 263 382 2301 434">
     <span class='ocr_line' id='line_1_4' title="bbox 263 382 2301 434; baseline -0.002 -12"><span class='ocrx_word' id='word_1_19' title='bbox 263 387 328 422; x_wconf 88' lang='lat' dir='ltr'>tui.</span> <span class='ocrx_word' id='word_1_20' title='bbox 350 386 406 422; x_wconf 88' lang='lat' dir='ltr'>llli</span> <span class='ocrx_word' id='word_1_21' title='bbox 428 384 500 421; x_wconf 86' lang='lat' dir='ltr'>liba</span> <span class='ocrx_word' id='word_1_22' title='bbox 521 384 703 434; x_wconf 87' lang='lat' dir='ltr'>principia</span> <span class='ocrx_word' id='word_1_23' title='bbox 725 382 934 430; x_wconf 70' lang='lat' dir='ltr'>vigiliarum</span> <span class='ocrx_word' id='word_1_24' title='bbox 960 391 1106 419; x_wconf 88' lang='lat' dir='ltr'>tuarum</span> <span class='ocrx_word' id='word_1_25' title='bbox 1124 399 1133 429; x_wconf 92' lang='lat'>;</span> <span class='ocrx_word' id='word_1_26' title='bbox 1155 383 1244 419; x_wconf 91' lang='lat' dir='ltr'>nihil</span> <span class='ocrx_word' id='word_1_27' title='bbox 1264 385 1294 417; x_wconf 89' lang='grc' dir='ltr'><strong>Λ</strong></span> <span class='ocrx_word' id='word_1_28' title='bbox 1312 382 1438 418; x_wconf 85' lang='lat' dir='ltr'>sterio.</span> <span class='ocrx_word' id='word_1_29' title='bbox 1460 384 1625 418; x_wconf 73' lang='lat' dir='ltr'><em>Dilectus</em></span> <span class='ocrx_word' id='word_1_30' title='bbox 1654 395 1754 417; x_wconf 70' lang='lat' dir='ltr'>imnis</span> <span class='ocrx_word' id='word_1_31' title='bbox 1780 384 1962 418; x_wconf 79' lang='lat' dir='ltr'>candidus</span> <span class='ocrx_word' id='word_1_32' title='bbox 1992 392 2029 419; x_wconf 85' lang='lat' dir='ltr'>et</span> <span class='ocrx_word' id='word_1_33' title='bbox 2057 382 2301 426; x_wconf 76' lang='lat' dir='ltr'>rubicundus,-</span> 
     </span>
    </p>
   </div>
   <div class='ocr_carea' id='block_1_5' title="bbox 258 441 1254 1080">
    <p class='ocr_par' dir='ltr' id='par_1_5' title="bbox 258 441 1254 1080">
     <span class='ocr_line' id='line_1_5' title="bbox 263 441 1252 494; baseline -0.003 -13"><span class='ocrx_word' id='word_1_34' title='bbox 263 446 299 481; x_wconf 94' lang='lat' dir='ltr'>in</span> <span class='ocrx_word' id='word_1_35' title='bbox 331 455 364 481; x_wconf 89' lang='lat' dir='ltr'>te</span> <span class='ocrx_word' id='word_1_36' title='bbox 396 445 601 494; x_wconf 77' lang='lat' dir='ltr'>peregi-ime</span> <span class='ocrx_word' id='word_1_37' title='bbox 633 455 732 478; x_wconf 69' lang='lat' dir='ltr'>curse</span> <span class='ocrx_word' id='word_1_38' title='bbox 765 441 980 491; x_wconf 71' lang='lat' dir='ltr'>decerpant.</span> <span class='ocrx_word' id='word_1_39' title='bbox 1016 446 1149 490; x_wconf 70' lang='lat' dir='ltr'>Qna‘rc</span> <span class='ocrx_word' id='word_1_40' title='bbox 1185 456 1252 492; x_wconf 90' lang='lat' dir='ltr'>per</span> 
     </span>
     <span class='ocr_line' id='line_1_6' title="bbox 263 500 1252 553; baseline -0.004 -13"><span class='ocrx_word' id='word_1_41' title='bbox 263 505 426 553; x_wconf 75' lang='lat' dir='ltr'>singulas</span> <span class='ocrx_word' id='word_1_42' title='bbox 447 511 574 538; x_wconf 82' lang='lat' dir='ltr'>noctes</span> <span class='ocrx_word' id='word_1_43' title='bbox 600 501 776 536; x_wconf 87' lang='lat' dir='ltr'>dilectum</span> <span class='ocrx_word' id='word_1_44' title='bbox 798 509 915 536; x_wconf 89' lang='lat' dir='ltr'>tuum.</span> <span class='ocrx_word' id='word_1_45' title='bbox 934 500 1032 548; x_wconf 91' lang='lat' dir='ltr'>Quid</span> <span class='ocrx_word' id='word_1_46' title='bbox 1052 501 1136 536; x_wconf 89' lang='lat' dir='ltr'>dieo</span> <span class='ocrx_word' id='word_1_47' title='bbox 1152 529 1161 546; x_wconf 95' lang='lat'>,</span> <span class='ocrx_word' id='word_1_48' title='bbox 1183 514 1252 550; x_wconf 83' lang='lat' dir='ltr'>per</span> 
     </span>
     <span class='ocr_line' id='line_1_7' title="bbox 262 558 1251 609; baseline -0.002 -12"><span class='ocrx_word' id='word_1_49' title='bbox 262 561 453 609; x_wconf 77' lang='lat' dir='ltr'>singulas?</span> <span class='ocrx_word' id='word_1_50' title='bbox 473 564 582 595; x_wconf 75' lang='lat' dir='ltr'>&#39;l‘otas</span> <span class='ocrx_word' id='word_1_51' title='bbox 604 567 732 594; x_wconf 81' lang='lat' dir='ltr'>noctes</span> <span class='ocrx_word' id='word_1_52' title='bbox 754 567 834 594; x_wconf 89' lang='lat' dir='ltr'>tuas</span> <span class='ocrx_word' id='word_1_53' title='bbox 859 559 896 594; x_wconf 94' lang='lat' dir='ltr'>in</span> <span class='ocrx_word' id='word_1_54' title='bbox 923 558 993 595; x_wconf 89' lang='lat' dir='ltr'>hoe</span> <span class='ocrx_word' id='word_1_55' title='bbox 1014 572 1113 608; x_wconf 90' lang='lat' dir='ltr'>opus</span> <span class='ocrx_word' id='word_1_56' title='bbox 1135 559 1251 595; x_wconf 85' lang='lat' dir='ltr'>eonti-</span> 
     </span>
     <span class='ocr_line' id='line_1_8' title="bbox 263 617 1254 666; baseline -0.001 -11"><span class='ocrx_word' id='word_1_57' title='bbox 263 633 347 656; x_wconf 90' lang='lat' dir='ltr'>nua.</span> <span class='ocrx_word' id='word_1_58' title='bbox 368 623 420 657; x_wconf 55' lang='lat' dir='ltr'>{Ne</span> <span class='ocrx_word' id='word_1_59' title='bbox 441 631 559 654; x_wconf 76' lang='lat' dir='ltr'>cesses</span> <span class='ocrx_word' id='word_1_60' title='bbox 579 626 615 653; x_wconf 91' lang='lat' dir='ltr'>et</span> <span class='ocrx_word' id='word_1_61' title='bbox 634 630 680 652; x_wconf 89' lang='lat' dir='ltr'>ne</span> <span class='ocrx_word' id='word_1_62' title='bbox 700 617 887 665; x_wconf 82' lang='lat' dir='ltr'>quiescas,</span> <span class='ocrx_word' id='word_1_63' title='bbox 907 617 1027 653; x_wconf 91' lang='lat' dir='ltr'>donee</span> <span class='ocrx_word' id='word_1_64' title='bbox 1043 617 1254 666; x_wconf 71' lang='lat' dir='ltr'>egrediatur</span> 
     </span>
     <span class='ocr_line' id='line_1_9' title="bbox 265 676 1250 727; baseline -0.003 -12"><span class='ocrx_word' id='word_1_65' title='bbox 265 688 303 715; x_wconf 89' lang='lat' dir='ltr'>ut</span> <span class='ocrx_word' id='word_1_66' title='bbox 326 676 506 727; x_wconf 73' lang='lat' dir='ltr'>splendor</span> <span class='ocrx_word' id='word_1_67' title='bbox 527 676 684 712; x_wconf 81' lang='lat' dir='ltr'>dilectus</span> <span class='ocrx_word' id='word_1_68' title='bbox 709 685 810 721; x_wconf 82' lang='lat' dir='ltr'>tuus,</span> <span class='ocrx_word' id='word_1_69' title='bbox 833 684 869 711; x_wconf 92' lang='lat' dir='ltr'>et</span> <span class='ocrx_word' id='word_1_70' title='bbox 890 684 931 711; x_wconf 89' lang='lat' dir='ltr'>ut</span> <span class='ocrx_word' id='word_1_71' title='bbox 954 676 1096 726; x_wconf 87' lang='lat' dir='ltr'>lampas</span> <span class='ocrx_word' id='word_1_72' title='bbox 1119 689 1250 713; x_wconf 89' lang='lat' dir='ltr'>accen-</span> 
     </span>
     <span class='ocr_line' id='line_1_10' title="bbox 264 734 1252 785; baseline -0.003 -12"><span class='ocrx_word' id='word_1_73' title='bbox 264 737 374 773; x_wconf 91' lang='lat' dir='ltr'>datur</span> <span class='ocrx_word' id='word_1_74' title='bbox 396 736 472 772; x_wconf 85' lang='lat' dir='ltr'>tibi.</span> <span class='ocrx_word' id='word_1_75' title='bbox 489 739 593 772; x_wconf 88' lang='lat' dir='ltr'>Tunc</span> <span class='ocrx_word' id='word_1_76' title='bbox 608 735 749 785; x_wconf 83' lang='lat' dir='ltr'>poteris</span> <span class='ocrx_word' id='word_1_77' title='bbox 770 734 862 770; x_wconf 91' lang='lat' dir='ltr'>illud</span> <span class='ocrx_word' id='word_1_78' title='bbox 885 735 985 771; x_wconf 88' lang='lat' dir='ltr'>Pauli</span> <span class='ocrx_word' id='word_1_79' title='bbox 1001 735 1124 772; x_wconf 88' lang='lat' dir='ltr'>dicere</span> <span class='ocrx_word' id='word_1_80' title='bbox 1141 751 1148 773; x_wconf 77' lang='lat'>2</span> <span class='ocrx_word' id='word_1_81' title='bbox 1166 738 1252 771; x_wconf 66' lang='lat' dir='ltr'>Noa.-</span> 
     </span>
     <span class='ocr_line' id='line_1_11' title="bbox 258 797 1251 845; baseline -0.001 -14"><span class='ocrx_word' id='word_1_82' title='bbox 258 800 449 845; x_wconf 68' lang='lat' dir='ltr'>pra‘eessil</span> <span class='ocrx_word' id='word_1_83' title='bbox 464 823 474 839; x_wconf 93' lang='lat'><em>‚</em></span> <span class='ocrx_word' id='word_1_84' title='bbox 507 797 587 830; x_wconf 77' lang='lat' dir='ltr'>dics</span> <span class='ocrx_word' id='word_1_85' title='bbox 627 804 750 829; x_wconf 77' lang='lat' dir='ltr'>autem</span> <span class='ocrx_word' id='word_1_86' title='bbox 795 799 1119 842; x_wconf 72' lang='lat' dir='ltr'>aliprnpitiqiia‹·it.</span> <span class='ocrx_word' id='word_1_87' title='bbox 1160 798 1251 832; x_wconf 74' lang='lat' dir='ltr'>Nam</span> 
     </span>
     <span class='ocr_line' id='line_1_12' title="bbox 263 853 1252 903; baseline -0.002 -13"><span class='ocrx_word' id='word_1_88' title='bbox 263 854 366 903; x_wconf 85' lang='lat' dir='ltr'>quod</span> <span class='ocrx_word' id='word_1_89' title='bbox 387 853 570 902; x_wconf 80' lang='lat' dir='ltr'>sequitur,</span> <span class='ocrx_word' id='word_1_90' title='bbox 597 853 825 899; x_wconf 32' lang='lat' dir='ltr'>Ali-siclinium·</span> <span class='ocrx_word' id='word_1_91' title='bbox 845 867 959 900; x_wconf 76' lang='lat' dir='ltr'>opera</span> <span class='ocrx_word' id='word_1_92' title='bbox 984 853 1213 891; x_wconf 74' lang='lat' dir='ltr'>tenebrarum</span> <span class='ocrx_word' id='word_1_93' title='bbox 1227 860 1252 896; x_wconf 90' lang='lat'>¹,</span> 
     </span>
     <span class='ocr_line' id='line_1_13' title="bbox 264 912 1254 962; baseline -0.001 -13"><span class='ocrx_word' id='word_1_94' title='bbox 264 914 351 950; x_wconf 88' lang='lat' dir='ltr'>huic</span> <span class='ocrx_word' id='word_1_95' title='bbox 370 926 445 949; x_wconf 90' lang='lat' dir='ltr'>non</span> <span class='ocrx_word' id='word_1_96' title='bbox 463 921 586 962; x_wconf 89' lang='lat' dir='ltr'>potest</span> <span class='ocrx_word' id='word_1_97' title='bbox 603 912 703 948; x_wconf 89' lang='lat' dir='ltr'>noeti</span> <span class='ocrx_word' id='word_1_98' title='bbox 720 912 900 962; x_wconf 88' lang='lat' dir='ltr'>adaptari.</span> <span class='ocrx_word' id='word_1_99' title='bbox 920 914 1042 949; x_wconf 66' lang='lat' dir='ltr'>Nescit</span> <span class='ocrx_word' id='word_1_100' title='bbox 1060 913 1158 948; x_wconf 80' lang='lat' dir='ltr'>enini</span> <span class='ocrx_word' id='word_1_101' title='bbox 1177 913 1254 948; x_wconf 71' lang='lat' dir='ltr'>brec</span> 
     </span>
     <span class='ocr_line' id='line_1_14' title="bbox 264 971 1252 1021; baseline -0.001 -13"><span class='ocrx_word' id='word_1_102' title='bbox 264 986 339 1008; x_wconf 88' lang='lat' dir='ltr'>nox</span> <span class='ocrx_word' id='word_1_103' title='bbox 359 985 474 1021; x_wconf 85' lang='lat' dir='ltr'>opera</span> <span class='ocrx_word' id='word_1_104' title='bbox 496 971 761 1016; x_wconf 85' lang='lat' dir='ltr'>tenebrarum,</span> <span class='ocrx_word' id='word_1_105' title='bbox 780 971 843 1008; x_wconf 88' lang='lat' dir='ltr'>scd</span> <span class='ocrx_word' id='word_1_106' title='bbox 866 973 980 1020; x_wconf 83' lang='lat' dir='ltr'>magis</span> <span class='ocrx_word' id='word_1_107' title='bbox 1001 973 1119 1007; x_wconf 88' lang='lat' dir='ltr'>lueem</span> <span class='ocrx_word' id='word_1_108' title='bbox 1141 972 1252 1008; x_wconf 88' lang='lat' dir='ltr'>mini-</span> 
     </span>
     <span class='ocr_line' id='line_1_15' title="bbox 265 1031 1252 1080; baseline -0.001 -12"><span class='ocrx_word' id='word_1_109' title='bbox 265 1040 356 1068; x_wconf 85' lang='lat' dir='ltr'>strat</span> <span class='ocrx_word' id='word_1_110' title='bbox 378 1032 419 1068; x_wconf 89' lang='lat' dir='ltr'>iis</span> <span class='ocrx_word' id='word_1_111' title='bbox 440 1031 504 1080; x_wconf 91' lang='lat' dir='ltr'>qni</span> <span class='ocrx_word' id='word_1_112' title='bbox 530 1039 751 1080; x_wconf 75' lang='lat' dir='ltr'>permanent</span> <span class='ocrx_word' id='word_1_113' title='bbox 771 1031 809 1066; x_wconf 91' lang='lat' dir='ltr'>iu</span> <span class='ocrx_word' id='word_1_114' title='bbox 831 1044 950 1078; x_wconf 81' lang='lat' dir='ltr'>agone</span> <span class='ocrx_word' id='word_1_115' title='bbox 970 1031 1133 1080; x_wconf 85' lang='lat' dir='ltr'>quodam</span> <span class='ocrx_word' id='word_1_116' title='bbox 1154 1044 1252 1080; x_wconf 80' lang='lat' dir='ltr'>quae-</span> 
     </span>
    </p>
   </div>
   <div class='ocr_carea' id='block_1_6' title="bbox 1315 439 2308 1082">
    <p class='ocr_par' dir='ltr' id='par_1_6' title="bbox 1315 439 2308 1082">
     <span class='ocr_line' id='line_1_16' title="bbox 1315 439 2301 490; baseline 0 -14"><span class='ocrx_word' id='word_1_117' title='bbox 1315 449 1372 484; x_wconf 88' lang='lat' dir='ltr'>et,</span> <span class='ocrx_word' id='word_1_118' title='bbox 1399 443 1501 476; x_wconf 77' lang='lat' dir='ltr'>Talis</span> <span class='ocrx_word' id='word_1_119' title='bbox 1527 450 1578 476; x_wconf 82' lang='lat' dir='ltr'>est</span> <span class='ocrx_word' id='word_1_120' title='bbox 1605 443 1757 476; x_wconf 77' lang='lat' dir='ltr'>dilectus</span> <span class='ocrx_word' id='word_1_121' title='bbox 1787 439 1915 476; x_wconf 65' lang='lat' dir='ltr'>&#39;neiis-³</span> <span class='ocrx_word' id='word_1_122' title='bbox 1938 456 1946 478; x_wconf 74' lang='grc' dir='ltr'><em>τ</em></span> <span class='ocrx_word' id='word_1_123' title='bbox 1967 449 2004 477; x_wconf 87' lang='lat' dir='ltr'>et</span> <span class='ocrx_word' id='word_1_124' title='bbox 2033 441 2070 477; x_wconf 86' lang='lat' dir='ltr'>in</span> <span class='ocrx_word' id='word_1_125' title='bbox 2100 441 2301 490; x_wconf 81' lang='lat' dir='ltr'>praesenti,</span> 
     </span>
     <span class='ocr_line' id='line_1_17' title="bbox 1321 499 2304 548; baseline 0.001 -14"><span class='ocrx_word' id='word_1_126' title='bbox 1321 503 1438 545; x_wconf 77' lang='lat' dir='ltr'>Quem</span> <span class='ocrx_word' id='word_1_127' title='bbox 1455 502 1579 548; x_wconf 77' lang='lat' dir='ltr'>diligit</span> <span class='ocrx_word' id='word_1_128' title='bbox 1593 505 1724 535; x_wconf 76' lang='lat' dir='ltr'>(mima</span> <span class='ocrx_word' id='word_1_129' title='bbox 1741 513 1837 537; x_wconf 81' lang='lat' dir='ltr'>mea.</span> <span class='ocrx_word' id='word_1_130' title='bbox 1854 503 1987 548; x_wconf 88' lang='lat' dir='ltr'>Magna</span> <span class='ocrx_word' id='word_1_131' title='bbox 2003 508 2103 536; x_wconf 88' lang='lat' dir='ltr'>certe</span> <span class='ocrx_word' id='word_1_132' title='bbox 2120 499 2304 536; x_wconf 87' lang='lat' dir='ltr'>sermonis</span> 
     </span>
     <span class='ocr_line' id='line_1_18' title="bbox 1316 558 2301 608; baseline 0 -14"><span class='ocrx_word' id='word_1_133' title='bbox 1316 558 1428 607; x_wconf 86' lang='lat' dir='ltr'>hujus</span> <span class='ocrx_word' id='word_1_134' title='bbox 1445 559 1570 608; x_wconf 88' lang='lat' dir='ltr'>gratia.</span> <span class='ocrx_word' id='word_1_135' title='bbox 1593 563 1667 595; x_wconf 77' lang='lat' dir='ltr'>Nee</span> <span class='ocrx_word' id='word_1_136' title='bbox 1688 560 1822 594; x_wconf 89' lang='lat' dir='ltr'>mirum</span> <span class='ocrx_word' id='word_1_137' title='bbox 1838 559 1867 594; x_wconf 92' lang='lat' dir='ltr'>si</span> <span class='ocrx_word' id='word_1_138' title='bbox 1887 560 2146 608; x_wconf 77' lang='lat' dir='ltr'>frequentatur</span> <span class='ocrx_word' id='word_1_139' title='bbox 2162 559 2198 595; x_wconf 91' lang='lat' dir='ltr'>in</span> <span class='ocrx_word' id='word_1_140' title='bbox 2215 571 2301 604; x_wconf 86' lang='lat' dir='ltr'>ore,</span> 
     </span>
     <span class='ocr_line' id='line_1_19' title="bbox 1318 617 2303 667; baseline 0 -14"><span class='ocrx_word' id='word_1_141' title='bbox 1318 618 1418 667; x_wconf 90' lang='lat' dir='ltr'>quod</span> <span class='ocrx_word' id='word_1_142' title='bbox 1441 619 1477 654; x_wconf 93' lang='lat' dir='ltr'>in</span> <span class='ocrx_word' id='word_1_143' title='bbox 1499 618 1612 654; x_wconf 85' lang='lat' dir='ltr'>eorde</span> <span class='ocrx_word' id='word_1_144' title='bbox 1634 619 1763 654; x_wconf 88' lang='lat' dir='ltr'>fervet.</span> <span class='ocrx_word' id='word_1_145' title='bbox 1786 617 1875 654; x_wconf 86' lang='lat' dir='ltr'>Ideo</span> <span class='ocrx_word' id='word_1_146' title='bbox 1895 626 1932 654; x_wconf 91' lang='lat' dir='ltr'>et</span> <span class='ocrx_word' id='word_1_147' title='bbox 1950 618 2111 655; x_wconf 88' lang='lat' dir='ltr'>animam</span> <span class='ocrx_word' id='word_1_148' title='bbox 2135 629 2303 654; x_wconf 90' lang='lat' dir='ltr'>comme-</span> 
     </span>
     <span class='ocr_line' id='line_1_20' title="bbox 1319 674 2305 725; baseline -0.001 -12"><span class='ocrx_word' id='word_1_149' title='bbox 1319 686 1451 713; x_wconf 89' lang='lat' dir='ltr'>morat.</span> <span class='ocrx_word' id='word_1_150' title='bbox 1486 681 1567 714; x_wconf 78' lang='lat' dir='ltr'>Non</span> <span class='ocrx_word' id='word_1_151' title='bbox 1600 677 1698 712; x_wconf 91' lang='lat' dir='ltr'>enim</span> <span class='ocrx_word' id='word_1_152' title='bbox 1730 675 1848 712; x_wconf 81' lang='lat' dir='ltr'>verbo</span> <span class='ocrx_word' id='word_1_153' title='bbox 1883 684 2026 712; x_wconf 88' lang='lat' dir='ltr'>tantum</span> <span class='ocrx_word' id='word_1_154' title='bbox 2064 676 2183 725; x_wconf 78' lang='lat' dir='ltr'>diligit</span> <span class='ocrx_word' id='word_1_155' title='bbox 2201 704 2210 722; x_wconf 98' lang='lat'>,</span> <span class='ocrx_word' id='word_1_156' title='bbox 2240 674 2305 712; x_wconf 87' lang='lat' dir='ltr'>sed</span> 
     </span>
     <span class='ocr_line' id='line_1_21' title="bbox 1317 733 2306 785; baseline -0.001 -14"><span class='ocrx_word' id='word_1_157' title='bbox 1317 744 1407 772; x_wconf 61' lang='lat' dir='ltr'>voto</span> <span class='ocrx_word' id='word_1_158' title='bbox 1430 751 1437 772; x_wconf 73' lang='grc' dir='ltr'><strong><em>ε</em></strong></span> <span class='ocrx_word' id='word_1_159' title='bbox 1461 749 1529 772; x_wconf 90' lang='lat' dir='ltr'>nec</span> <span class='ocrx_word' id='word_1_160' title='bbox 1550 736 1630 771; x_wconf 88' lang='lat' dir='ltr'>solo</span> <span class='ocrx_word' id='word_1_161' title='bbox 1657 744 1763 781; x_wconf 90' lang='lat' dir='ltr'>actu,</span> <span class='ocrx_word' id='word_1_162' title='bbox 1791 735 1856 771; x_wconf 89' lang='lat' dir='ltr'>sed</span> <span class='ocrx_word' id='word_1_163' title='bbox 1886 736 2001 785; x_wconf 84' lang='lat' dir='ltr'>magis</span> <span class='ocrx_word' id='word_1_164' title='bbox 2030 736 2178 773; x_wconf 89' lang='lat' dir='ltr'>affectu.</span> <span class='ocrx_word' id='word_1_165' title='bbox 2206 733 2306 782; x_wconf 87' lang='lat' dir='ltr'>Quid</span> 
     </span>
     <span class='ocr_line' id='line_1_22' title="bbox 1320 792 2306 844; baseline -0.002 -14"><span class='ocrx_word' id='word_1_166' title='bbox 1320 807 1411 830; x_wconf 73' lang='lat' dir='ltr'>vero</span> <span class='ocrx_word' id='word_1_167' title='bbox 1434 793 1501 829; x_wconf 90' lang='lat' dir='ltr'>sibi</span> <span class='ocrx_word' id='word_1_168' title='bbox 1523 794 1603 829; x_wconf 71' lang='lat' dir='ltr'>vult</span> <span class='ocrx_word' id='word_1_169' title='bbox 1621 793 1722 843; x_wconf 90' lang='lat' dir='ltr'>quod</span> <span class='ocrx_word' id='word_1_170' title='bbox 1743 794 1924 840; x_wconf 89' lang='lat' dir='ltr'>animam,</span> <span class='ocrx_word' id='word_1_171' title='bbox 1946 807 2022 830; x_wconf 89' lang='lat' dir='ltr'>non</span> <span class='ocrx_word' id='word_1_172' title='bbox 2049 794 2223 844; x_wconf 87' lang='lat' dir='ltr'>spiritum</span> <span class='ocrx_word' id='word_1_173' title='bbox 2245 792 2306 828; x_wconf 90' lang='lat' dir='ltr'>di-</span> 
     </span>
     <span class='ocr_line' id='line_1_23' title="bbox 1321 851 2304 902; baseline -0.002 -12"><span class='ocrx_word' id='word_1_174' title='bbox 1321 854 1393 890; x_wconf 77' lang='lat' dir='ltr'>cit?</span> <span class='ocrx_word' id='word_1_175' title='bbox 1415 857 1523 891; x_wconf 77' lang='lat' dir='ltr'>Forte</span> <span class='ocrx_word' id='word_1_176' title='bbox 1543 854 1630 902; x_wconf 86' lang='lat' dir='ltr'>quia</span> <span class='ocrx_word' id='word_1_177' title='bbox 1654 853 1792 889; x_wconf 89' lang='lat' dir='ltr'>dilecto</span> <span class='ocrx_word' id='word_1_178' title='bbox 1815 866 1927 902; x_wconf 89' lang='lat' dir='ltr'>quem</span> <span class='ocrx_word' id='word_1_179' title='bbox 1953 853 2074 890; x_wconf 89' lang='lat' dir='ltr'>adhuc</span> <span class='ocrx_word' id='word_1_180' title='bbox 2093 851 2304 902; x_wconf 85' lang='lat' dir='ltr'>quaerebat‚</span> 
     </span>
     <span class='ocr_line' id='line_1_24' title="bbox 1321 911 2307 961; baseline -0.001 -14"><span class='ocrx_word' id='word_1_181' title='bbox 1321 912 1488 948; x_wconf 90' lang='lat' dir='ltr'>nondum</span> <span class='ocrx_word' id='word_1_182' title='bbox 1505 911 1718 948; x_wconf 60' lang='lat' dir='ltr'>adhaerebat</span> <span class='ocrx_word' id='word_1_183' title='bbox 1733 927 1740 948; x_wconf 88' lang='lat'>:</span> <span class='ocrx_word' id='word_1_184' title='bbox 1756 912 1820 961; x_wconf 90' lang='lat' dir='ltr'>qui</span> <span class='ocrx_word' id='word_1_185' title='bbox 1836 912 1934 948; x_wconf 90' lang='lat' dir='ltr'>enim</span> <span class='ocrx_word' id='word_1_186' title='bbox 1951 912 2116 949; x_wconf 85' lang='lat' dir='ltr'>adhaeret</span> <span class='ocrx_word' id='word_1_187' title='bbox 2128 911 2307 956; x_wconf 92' lang='lat' dir='ltr'>Domino,</span> 
     </span>
     <span class='ocr_line' id='line_1_25' title="bbox 1320 971 2306 1021; baseline -0.001 -15"><span class='ocrx_word' id='word_1_188' title='bbox 1320 984 1416 1007; x_wconf 89' lang='lat' dir='ltr'>unus</span> <span class='ocrx_word' id='word_1_189' title='bbox 1436 979 1491 1007; x_wconf 91' lang='lat' dir='ltr'>est</span> <span class='ocrx_word' id='word_1_190' title='bbox 1510 972 1702 1021; x_wconf 39' lang='lat' dir='ltr'>spiritus&amp;</span> <span class='ocrx_word' id='word_1_191' title='bbox 1725 974 1771 1007; x_wconf 81' lang='lat' dir='ltr'>Et</span> <span class='ocrx_word' id='word_1_192' title='bbox 1789 971 1939 1020; x_wconf 88' lang='lat' dir='ltr'>quidem</span> <span class='ocrx_word' id='word_1_193' title='bbox 1962 984 2146 1020; x_wconf 84' lang='lat' dir='ltr'>nusquam</span> <span class='ocrx_word' id='word_1_194' title='bbox 2167 971 2204 1006; x_wconf 93' lang='lat' dir='ltr'>in</span> <span class='ocrx_word' id='word_1_195' title='bbox 2226 977 2306 1006; x_wconf 86' lang='lat' dir='ltr'>toto</span> 
     </span>
     <span class='ocr_line' id='line_1_26' title="bbox 1319 1030 2308 1082; baseline -0.002 -16"><span class='ocrx_word' id='word_1_196' title='bbox 1319 1030 1390 1066; x_wconf 93' lang='lat' dir='ltr'>hoc</span> <span class='ocrx_word' id='word_1_197' title='bbox 1404 1032 1549 1067; x_wconf 87' lang='lat' dir='ltr'>cantico</span> <span class='ocrx_word' id='word_1_198' title='bbox 1565 1031 1738 1082; x_wconf 88' lang='lat' dir='ltr'>spiritum</span> <span class='ocrx_word' id='word_1_199' title='bbox 1759 1031 1929 1067; x_wconf 91' lang='lat' dir='ltr'>nominat</span> <span class='ocrx_word' id='word_1_200' title='bbox 1946 1046 1953 1067; x_wconf 91' lang='lat'>:</span> <span class='ocrx_word' id='word_1_201' title='bbox 1970 1031 2053 1077; x_wconf 87' lang='lat' dir='ltr'>sed,</span> <span class='ocrx_word' id='word_1_202' title='bbox 2069 1034 2206 1067; x_wconf 83' lang='lat' dir='ltr'>Anima</span> <span class='ocrx_word' id='word_1_203' title='bbox 2224 1042 2308 1065; x_wconf 83' lang='lat' dir='ltr'>mea</span> 
     </span>
    </p>
   </div>
   <div class='ocr_carea' id='block_1_7' title="bbox 265 1086 2308 1139">
    <p class='ocr_par' dir='ltr' id='par_1_7' title="bbox 265 1086 2308 1139">
     <span class='ocr_line' id='line_1_27' title="bbox 265 1086 2308 1139; baseline -0.001 -12"><span class='ocrx_word' id='word_1_204' title='bbox 265 1090 371 1127; x_wconf 85' lang='lat' dir='ltr'>rendi</span> <span class='ocrx_word' id='word_1_205' title='bbox 412 1090 600 1126; x_wconf 87' lang='lat' dir='ltr'>dilectum.</span> <span class='ocrx_word' id='word_1_206' title='bbox 639 1093 741 1125; x_wconf 86' lang='lat' dir='ltr'>Bona</span> <span class='ocrx_word' id='word_1_207' title='bbox 775 1089 927 1138; x_wconf 89' lang='lat' dir='ltr'>quidem</span> <span class='ocrx_word' id='word_1_208' title='bbox 964 1103 1039 1126; x_wconf 86' lang='lat' dir='ltr'>nox</span> <span class='ocrx_word' id='word_1_209' title='bbox 1057 1118 1066 1136; x_wconf 94' lang='lat'>,</span> <span class='ocrx_word' id='word_1_210' title='bbox 1100 1089 1252 1139; x_wconf 89' lang='lat' dir='ltr'>quando</span> <span class='ocrx_word' id='word_1_211' title='bbox 1274 1091 1300 1125; x_wconf 95' lang='lat' dir='ltr'><strong>B</strong></span> <span class='ocrx_word' id='word_1_212' title='bbox 1321 1090 1521 1137; x_wconf 63' lang='lat' dir='ltr'>liquefacta</span> <span class='ocrx_word' id='word_1_213' title='bbox 1535 1090 1624 1136; x_wconf 55' lang='lat'>1:31⁵,</span> <span class='ocrx_word' id='word_1_214' title='bbox 1640 1098 1695 1135; x_wconf 88' lang='lat' dir='ltr'>et,</span> <span class='ocrx_word' id='word_1_215' title='bbox 1715 1093 1853 1125; x_wconf 78' lang='lat' dir='ltr'>Anima</span> <span class='ocrx_word' id='word_1_216' title='bbox 1870 1103 1952 1125; x_wconf 81' lang='lat' dir='ltr'>mea</span> <span class='ocrx_word' id='word_1_217' title='bbox 1970 1089 2193 1125; x_wconf 78' lang='lat' dir='ltr'>conturbavit</span> <span class='ocrx_word' id='word_1_218' title='bbox 2208 1086 2308 1134; x_wconf 83' lang='lat' dir='ltr'>me⁶;</span> 
     </span>
    </p>
   </div>
   <div class='ocr_carea' id='block_1_8' title="bbox 265 1148 1260 1848">
    <p class='ocr_par' dir='ltr' id='par_1_8' title="bbox 265 1148 1259 1612">
     <span class='ocr_line' id='line_1_28' title="bbox 266 1148 1257 1187; baseline -0.001 0"><span class='ocrx_word' id='word_1_219' title='bbox 266 1149 505 1187; x_wconf 85' lang='lat' dir='ltr'>absconderis</span> <span class='ocrx_word' id='word_1_220' title='bbox 536 1163 555 1186; x_wconf 90' lang='lat' dir='ltr'>a</span> <span class='ocrx_word' id='word_1_221' title='bbox 591 1148 883 1186; x_wconf 80' lang='lat' dir='ltr'>conturbatione</span> <span class='ocrx_word' id='word_1_222' title='bbox 906 1158 942 1185; x_wconf 86' lang='lat' dir='ltr'>et</span> <span class='ocrx_word' id='word_1_223' title='bbox 968 1149 1014 1186; x_wconf 88' lang='lat' dir='ltr'>ab</span> <span class='ocrx_word' id='word_1_224' title='bbox 1041 1150 1257 1186; x_wconf 85' lang='lat' dir='ltr'>incursione</span> 
     </span>
     <span class='ocr_line' id='line_1_29' title="bbox 269 1208 1258 1258; baseline -0.001 -13"><span class='ocrx_word' id='word_1_225' title='bbox 269 1209 592 1258; x_wconf 69' lang='lat' dir='ltr'>imaginationum.</span> <span class='ocrx_word' id='word_1_226' title='bbox 621 1212 667 1244; x_wconf 75' lang='lat' dir='ltr'>Et</span> <span class='ocrx_word' id='word_1_227' title='bbox 692 1208 863 1257; x_wconf 87' lang='lat' dir='ltr'>quamvis</span> <span class='ocrx_word' id='word_1_228' title='bbox 897 1209 1066 1245; x_wconf 90' lang='lat' dir='ltr'>nondmn</span> <span class='ocrx_word' id='word_1_229' title='bbox 1097 1208 1258 1245; x_wconf 91' lang='lat' dir='ltr'>abscon—</span> 
     </span>
     <span class='ocr_line' id='line_1_30' title="bbox 266 1267 1256 1315; baseline -0.001 -10"><span class='ocrx_word' id='word_1_230' title='bbox 266 1269 364 1305; x_wconf 90' lang='lat' dir='ltr'>deris</span> <span class='ocrx_word' id='word_1_231' title='bbox 393 1269 430 1304; x_wconf 92' lang='lat' dir='ltr'>in</span> <span class='ocrx_word' id='word_1_232' title='bbox 457 1267 676 1304; x_wconf 85' lang='lat' dir='ltr'>abscondito</span> <span class='ocrx_word' id='word_1_233' title='bbox 710 1268 813 1304; x_wconf 71' lang='lat' dir='ltr'>{aciei</span> <span class='ocrx_word' id='word_1_234' title='bbox 847 1267 971 1304; x_wconf 89' lang='lat' dir='ltr'>dilecti</span> <span class='ocrx_word' id='word_1_235' title='bbox 1007 1269 1082 1315; x_wconf 87' lang='lat' dir='ltr'>tui,</span> <span class='ocrx_word' id='word_1_236' title='bbox 1114 1267 1256 1304; x_wconf 88' lang='lat' dir='ltr'>bonum</span> 
     </span>
     <span class='ocr_line' id='line_1_31' title="bbox 266 1326 1258 1378; baseline 0.001 -15"><span class='ocrx_word' id='word_1_237' title='bbox 266 1337 389 1364; x_wconf 87' lang='lat' dir='ltr'>tamen</span> <span class='ocrx_word' id='word_1_238' title='bbox 417 1336 472 1363; x_wconf 90' lang='lat' dir='ltr'>est</span> <span class='ocrx_word' id='word_1_239' title='bbox 496 1335 536 1363; x_wconf 91' lang='lat' dir='ltr'>ut</span> <span class='ocrx_word' id='word_1_240' title='bbox 560 1326 814 1362; x_wconf 83' lang='lat' dir='ltr'>abscondatur</span> <span class='ocrx_word' id='word_1_241' title='bbox 835 1326 899 1362; x_wconf 90' lang='lat' dir='ltr'>tibi</span> <span class='ocrx_word' id='word_1_242' title='bbox 925 1327 1034 1363; x_wconf 87' lang='lat' dir='ltr'>facies</span> <span class='ocrx_word' id='word_1_243' title='bbox 1059 1336 1095 1363; x_wconf 87' lang='lat' dir='ltr'>et</span> <span class='ocrx_word' id='word_1_244' title='bbox 1118 1340 1258 1378; x_wconf 88' lang='lat' dir='ltr'>pompa</span> 
     </span>
     <span class='ocr_line' id='line_1_32' title="bbox 265 1386 1258 1435; baseline 0 -12"><span class='ocrx_word' id='word_1_245' title='bbox 265 1388 432 1423; x_wconf 86' lang='lat' dir='ltr'>inanium</span> <span class='ocrx_word' id='word_1_246' title='bbox 453 1395 489 1422; x_wconf 90' lang='lat' dir='ltr'>et</span> <span class='ocrx_word' id='word_1_247' title='bbox 511 1386 715 1422; x_wconf 87' lang='lat' dir='ltr'>carnalium</span> <span class='ocrx_word' id='word_1_248' title='bbox 737 1386 1021 1435; x_wconf 73' lang='lat' dir='ltr'>cogitationum.</span> <span class='ocrx_word' id='word_1_249' title='bbox 1040 1390 1121 1423; x_wconf 69' lang='lat' dir='ltr'>Nox</span> <span class='ocrx_word' id='word_1_250' title='bbox 1142 1395 1197 1423; x_wconf 89' lang='lat' dir='ltr'>est</span> <span class='ocrx_word' id='word_1_251' title='bbox 1217 1395 1258 1423; x_wconf 91' lang='lat' dir='ltr'>ut</span> 
     </span>
     <span class='ocr_line' id='line_1_33' title="bbox 266 1443 1257 1490; baseline 0 -9"><span class='ocrx_word' id='word_1_252' title='bbox 266 1445 366 1481; x_wconf 87' lang='lat' dir='ltr'>illam</span> <span class='ocrx_word' id='word_1_253' title='bbox 396 1458 470 1481; x_wconf 92' lang='lat' dir='ltr'>non</span> <span class='ocrx_word' id='word_1_254' title='bbox 502 1443 690 1489; x_wconf 85' lang='lat' dir='ltr'>attendas,</span> <span class='ocrx_word' id='word_1_255' title='bbox 718 1457 794 1488; x_wconf 77' lang='lat' dir='ltr'>non</span> <span class='ocrx_word' id='word_1_256' title='bbox 820 1444 966 1490; x_wconf 73' lang='lat' dir='ltr'>videas;</span> <span class='ocrx_word' id='word_1_257' title='bbox 986 1444 1050 1480; x_wconf 90' lang='lat' dir='ltr'>sed</span> <span class='ocrx_word' id='word_1_258' title='bbox 1078 1453 1200 1481; x_wconf 89' lang='lat' dir='ltr'>tamen</span> <span class='ocrx_word' id='word_1_259' title='bbox 1220 1446 1257 1480; x_wconf 92' lang='lat' dir='ltr'>in</span> 
     </span>
     <span class='ocr_line' id='line_1_34' title="bbox 265 1502 1259 1550; baseline -0.001 -11"><span class='ocrx_word' id='word_1_260' title='bbox 265 1503 336 1540; x_wconf 86' lang='lat' dir='ltr'>hac</span> <span class='ocrx_word' id='word_1_261' title='bbox 358 1513 466 1539; x_wconf 87' lang='lat' dir='ltr'>nocte</span> <span class='ocrx_word' id='word_1_262' title='bbox 491 1516 566 1539; x_wconf 88' lang='lat' dir='ltr'>non</span> <span class='ocrx_word' id='word_1_263' title='bbox 586 1502 846 1550; x_wconf 75' lang='lat' dir='ltr'>exstinguetur</span> <span class='ocrx_word' id='word_1_264' title='bbox 866 1502 1017 1539; x_wconf 89' lang='lat' dir='ltr'>lucerna</span> <span class='ocrx_word' id='word_1_265' title='bbox 1039 1511 1100 1539; x_wconf 88' lang='lat' dir='ltr'>tua</span> <span class='ocrx_word' id='word_1_266' title='bbox 1114 1531 1124 1549; x_wconf 90' lang='lat'>,</span> <span class='ocrx_word' id='word_1_267' title='bbox 1145 1511 1187 1540; x_wconf 87' lang='lat' dir='ltr'>ut</span> <span class='ocrx_word' id='word_1_268' title='bbox 1203 1503 1259 1539; x_wconf 90' lang='lat' dir='ltr'>di-</span> 
     </span>
     <span class='ocr_line' id='line_1_35' title="bbox 267 1563 582 1612; baseline -0.003 -13"><span class='ocrx_word' id='word_1_269' title='bbox 267 1563 403 1599; x_wconf 84' lang='lat' dir='ltr'>lectum</span> <span class='ocrx_word' id='word_1_270' title='bbox 426 1576 582 1612; x_wconf 78' lang='lat' dir='ltr'>quaeras.</span> 
     </span>
    </p>

    <p class='ocr_par' dir='ltr' id='par_1_9' title="bbox 268 1621 1260 1848">
     <span class='ocr_line' id='line_1_36' title="bbox 324 1621 1258 1670; baseline -0.001 -12"><span class='ocrx_word' id='word_1_271' title='bbox 324 1623 358 1658; x_wconf 88' lang='lat'>7.</span> <span class='ocrx_word' id='word_1_272' title='bbox 380 1622 534 1659; x_wconf 90' lang='lat' dir='ltr'>Utinam</span> <span class='ocrx_word' id='word_1_273' title='bbox 558 1634 626 1670; x_wconf 87' lang='lat' dir='ltr'>ego</span> <span class='ocrx_word' id='word_1_274' title='bbox 652 1622 741 1657; x_wconf 88' lang='lat' dir='ltr'>tales</span> <span class='ocrx_word' id='word_1_275' title='bbox 760 1621 850 1657; x_wconf 90' lang='lat' dir='ltr'>mihi</span> <span class='ocrx_word' id='word_1_276' title='bbox 875 1621 1015 1670; x_wconf 89' lang='lat' dir='ltr'>possim</span> <span class='ocrx_word' id='word_1_277' title='bbox 1036 1629 1165 1657; x_wconf 87' lang='lat' dir='ltr'>noctes</span> <span class='ocrx_word' id='word_1_278' title='bbox 1186 1635 1258 1657; x_wconf 90' lang='lat' dir='ltr'>nu-</span> 
     </span>
     <span class='ocr_line' id='line_1_37' title="bbox 268 1680 1259 1726; baseline -0.001 -9"><span class='ocrx_word' id='word_1_279' title='bbox 268 1694 414 1717; x_wconf 87' lang='lat' dir='ltr'>merare</span> <span class='ocrx_word' id='word_1_280' title='bbox 431 1709 440 1726; x_wconf 93' lang='lat'>,</span> <span class='ocrx_word' id='word_1_281' title='bbox 464 1690 536 1716; x_wconf 90' lang='lat' dir='ltr'>tam</span> <span class='ocrx_word' id='word_1_282' title='bbox 564 1680 788 1722; x_wconf 80' lang='lat' dir='ltr'>latebrosas,</span> <span class='ocrx_word' id='word_1_283' title='bbox 812 1689 849 1716; x_wconf 87' lang='lat' dir='ltr'>et</span> <span class='ocrx_word' id='word_1_284' title='bbox 873 1689 945 1716; x_wconf 92' lang='lat' dir='ltr'>tam</span> <span class='ocrx_word' id='word_1_285' title='bbox 968 1681 1194 1717; x_wconf 81' lang='lat' dir='ltr'>luminosas!</span> <span class='ocrx_word' id='word_1_286' title='bbox 1214 1685 1259 1718; x_wconf 78' lang='lat' dir='ltr'>Et</span> 
     </span>
     <span class='ocr_line' id='line_1_38' title="bbox 268 1739 1260 1789; baseline 0 -13"><span class='ocrx_word' id='word_1_287' title='bbox 268 1741 353 1789; x_wconf 87' lang='lat' dir='ltr'>quis</span> <span class='ocrx_word' id='word_1_288' title='bbox 374 1749 541 1776; x_wconf 89' lang='lat' dir='ltr'>nostrum</span> <span class='ocrx_word' id='word_1_289' title='bbox 564 1739 786 1788; x_wconf 76' lang='lat' dir='ltr'>gloriabitur</span> <span class='ocrx_word' id='word_1_290' title='bbox 806 1752 937 1775; x_wconf 90' lang='lat' dir='ltr'>omnes</span> <span class='ocrx_word' id='word_1_291' title='bbox 960 1752 999 1775; x_wconf 89' lang='lat' dir='ltr'>se</span> <span class='ocrx_word' id='word_1_292' title='bbox 1021 1740 1111 1776; x_wconf 90' lang='lat' dir='ltr'>tales</span> <span class='ocrx_word' id='word_1_293' title='bbox 1132 1748 1260 1776; x_wconf 79' lang='lat' dir='ltr'>noctes</span> 
     </span>
     <span class='ocr_line' id='line_1_39' title="bbox 270 1799 1259 1848; baseline -0.001 -13"><span class='ocrx_word' id='word_1_294' title='bbox 270 1800 430 1835; x_wconf 79' lang='lat' dir='ltr'>habere?</span> <span class='ocrx_word' id='word_1_295' title='bbox 451 1799 627 1848; x_wconf 83' lang='lat' dir='ltr'>Quisquis</span> <span class='ocrx_word' id='word_1_296' title='bbox 648 1807 724 1843; x_wconf 86' lang='lat' dir='ltr'>est,</span> <span class='ocrx_word' id='word_1_297' title='bbox 754 1799 841 1834; x_wconf 80' lang='lat' dir='ltr'>felix</span> <span class='ocrx_word' id='word_1_298' title='bbox 861 1807 933 1844; x_wconf 88' lang='lat' dir='ltr'>est,</span> <span class='ocrx_word' id='word_1_299' title='bbox 958 1799 1016 1834; x_wconf 89' lang='lat' dir='ltr'>cui</span> <span class='ocrx_word' id='word_1_300' title='bbox 1039 1812 1169 1835; x_wconf 88' lang='lat' dir='ltr'>omncs</span> <span class='ocrx_word' id='word_1_301' title='bbox 1187 1813 1259 1835; x_wconf 90' lang='lat' dir='ltr'>no-</span> 
     </span>
    </p>
   </div>
   <div class='ocr_carea' id='block_1_9' title="bbox 1323 1149 2315 1834">
    <p class='ocr_par' dir='ltr' id='par_1_10' title="bbox 1323 1149 2315 1834">
     <span class='ocr_line' id='line_1_40' title="bbox 1323 1149 2311 1199; baseline 0 -15"><span class='ocrx_word' id='word_1_302' title='bbox 1323 1157 1360 1184; x_wconf 93' lang='lat' dir='ltr'>et</span> <span class='ocrx_word' id='word_1_303' title='bbox 1382 1149 1452 1186; x_wconf 91' lang='lat' dir='ltr'>hoc</span> <span class='ocrx_word' id='word_1_304' title='bbox 1475 1150 1596 1198; x_wconf 90' lang='lat' dir='ltr'>ipsum</span> <span class='ocrx_word' id='word_1_305' title='bbox 1626 1149 1856 1199; x_wconf 86' lang='lat' dir='ltr'>frequenter,</span> <span class='ocrx_word' id='word_1_306' title='bbox 1889 1150 2004 1194; x_wconf 81' lang='lat' dir='ltr'>Quem</span> <span class='ocrx_word' id='word_1_307' title='bbox 2033 1151 2155 1197; x_wconf 81' lang='lat' dir='ltr'>diligit</span> <span class='ocrx_word' id='word_1_308' title='bbox 2179 1152 2311 1184; x_wconf 75' lang='lat' dir='ltr'>anima</span> 
     </span>
     <span class='ocr_line' id='line_1_41' title="bbox 1325 1206 2310 1257; baseline 0.001 -15"><span class='ocrx_word' id='word_1_309' title='bbox 1325 1220 1422 1244; x_wconf 81' lang='lat' dir='ltr'>mea.</span> <span class='ocrx_word' id='word_1_310' title='bbox 1452 1207 1493 1245; x_wconf 93' lang='lat' dir='ltr'>Id</span> <span class='ocrx_word' id='word_1_311' title='bbox 1514 1221 1664 1257; x_wconf 90' lang='lat' dir='ltr'>quoque</span> <span class='ocrx_word' id='word_1_312' title='bbox 1693 1208 1769 1243; x_wconf 87' lang='lat' dir='ltr'>sere</span> <span class='ocrx_word' id='word_1_313' title='bbox 1791 1220 2000 1256; x_wconf 86' lang='lat' dir='ltr'>nusquam,</span> <span class='ocrx_word' id='word_1_314' title='bbox 2032 1207 2102 1244; x_wconf 88' lang='lat' dir='ltr'>nisi</span> <span class='ocrx_word' id='word_1_315' title='bbox 2127 1220 2212 1243; x_wconf 89' lang='lat' dir='ltr'>cum</span> <span class='ocrx_word' id='word_1_316' title='bbox 2240 1206 2310 1243; x_wconf 87' lang='lat' dir='ltr'>ab—</span> 
     </span>
     <span class='ocr_line' id='line_1_42' title="bbox 1325 1265 2312 1316; baseline 0 -14"><span class='ocrx_word' id='word_1_317' title='bbox 1325 1275 1466 1303; x_wconf 82' lang='lat' dir='ltr'>sentem</span> <span class='ocrx_word' id='word_1_318' title='bbox 1488 1267 1643 1316; x_wconf 86' lang='lat' dir='ltr'>quaerit,</span> <span class='ocrx_word' id='word_1_319' title='bbox 1663 1267 1721 1303; x_wconf 76' lang='lat' dir='ltr'>vel</span> <span class='ocrx_word' id='word_1_320' title='bbox 1741 1266 1870 1303; x_wconf 88' lang='lat' dir='ltr'>abesse</span> <span class='ocrx_word' id='word_1_321' title='bbox 1891 1267 2084 1316; x_wconf 81' lang='lat' dir='ltr'>quaeritur.</span> <span class='ocrx_word' id='word_1_322' title='bbox 2106 1267 2236 1304; x_wconf 86' lang='lat' dir='ltr'>Solent</span> <span class='ocrx_word' id='word_1_323' title='bbox 2255 1265 2312 1303; x_wconf 88' lang='lat' dir='ltr'>his</span> 
     </span>
     <span class='ocr_line' id='line_1_43' title="bbox 1325 1325 2311 1376; baseline 0.001 -15"><span class='ocrx_word' id='word_1_324' title='bbox 1325 1325 1541 1362; x_wconf 88' lang='lat' dir='ltr'>nominibus</span> <span class='ocrx_word' id='word_1_325' title='bbox 1560 1326 1696 1374; x_wconf 89' lang='lat' dir='ltr'>gradus</span> <span class='ocrx_word' id='word_1_326' title='bbox 1714 1326 1865 1375; x_wconf 88' lang='lat' dir='ltr'>quidam</span> <span class='ocrx_word' id='word_1_327' title='bbox 1886 1326 2062 1375; x_wconf 82' lang='lat' dir='ltr'>distingui</span> <span class='ocrx_word' id='word_1_328' title='bbox 2079 1326 2211 1363; x_wconf 88' lang='lat' dir='ltr'>animae</span> <span class='ocrx_word' id='word_1_329' title='bbox 2228 1338 2311 1376; x_wconf 88' lang='lat' dir='ltr'>per-</span> 
     </span>
     <span class='ocr_line' id='line_1_44' title="bbox 1326 1384 2309 1435; baseline 0 -15"><span class='ocrx_word' id='word_1_330' title='bbox 1326 1385 1488 1420; x_wconf 89' lang='lat' dir='ltr'>fectioris</span> <span class='ocrx_word' id='word_1_331' title='bbox 1505 1412 1514 1429; x_wconf 93' lang='lat'>‚</span> <span class='ocrx_word' id='word_1_332' title='bbox 1539 1393 1576 1420; x_wconf 91' lang='lat' dir='ltr'>et</span> <span class='ocrx_word' id='word_1_333' title='bbox 1601 1385 1724 1421; x_wconf 88' lang='lat' dir='ltr'>minus</span> <span class='ocrx_word' id='word_1_334' title='bbox 1749 1385 1935 1434; x_wconf 70' lang='lat' dir='ltr'>perfectae.</span> <span class='ocrx_word' id='word_1_335' title='bbox 1963 1385 2169 1435; x_wconf 88' lang='lat' dir='ltr'>Apostolus</span> <span class='ocrx_word' id='word_1_336' title='bbox 2190 1384 2280 1420; x_wconf 89' lang='lat' dir='ltr'>dicit</span> <span class='ocrx_word' id='word_1_337' title='bbox 2301 1398 2309 1420; x_wconf 90' lang='lat'>:</span> 
     </span>
     <span class='ocr_line' id='line_1_45' title="bbox 1325 1444 2312 1492; baseline -0.001 -13"><span class='ocrx_word' id='word_1_338' title='bbox 1325 1447 1514 1479; x_wconf 76' lang='lat' dir='ltr'>Animalis</span> <span class='ocrx_word' id='word_1_339' title='bbox 1532 1444 1638 1479; x_wconf 73' lang='lat' dir='ltr'>lemno</span> <span class='ocrx_word' id='word_1_340' title='bbox 1662 1458 1734 1479; x_wconf 79' lang='lat' dir='ltr'>mm</span> <span class='ocrx_word' id='word_1_341' title='bbox 1752 1448 1913 1492; x_wconf 75' lang='lat' dir='ltr'>percipit</span> <span class='ocrx_word' id='word_1_342' title='bbox 1931 1458 1974 1480; x_wconf 84' lang='grc' dir='ltr'>ι’(ι</span> <span class='ocrx_word' id='word_1_343' title='bbox 1992 1458 2081 1492; x_wconf 81' lang='lat' dir='ltr'>quoe</span> <span class='ocrx_word' id='word_1_344' title='bbox 2100 1453 2184 1480; x_wconf 78' lang='lat' dir='ltr'>stitit</span> <span class='ocrx_word' id='word_1_345' title='bbox 2202 1447 2312 1492; x_wconf 79' lang='lat' dir='ltr'>spiri-</span> 
     </span>
     <span class='ocr_line' id='line_1_46' title="bbox 1323 1502 2313 1551; baseline 0.002 -15"><span class='ocrx_word' id='word_1_346' title='bbox 1323 1511 1379 1537; x_wconf 78' lang='lat' dir='ltr'>tus</span> <span class='ocrx_word' id='word_1_347' title='bbox 1413 1505 1523 1537; x_wconf 84' lang='lat' dir='ltr'>Dei7.</span> <span class='ocrx_word' id='word_1_348' title='bbox 1552 1505 1629 1551; x_wconf 83' lang='lat' dir='ltr'>Ego</span> <span class='ocrx_word' id='word_1_349' title='bbox 1656 1502 1817 1539; x_wconf 86' lang='lat' dir='ltr'>animam</span> <span class='ocrx_word' id='word_1_350' title='bbox 1849 1503 1946 1539; x_wconf 89' lang='lat' dir='ltr'>hanc</span> <span class='ocrx_word' id='word_1_351' title='bbox 1978 1504 2028 1540; x_wconf 91' lang='lat' dir='ltr'>ita</span> <span class='ocrx_word' id='word_1_352' title='bbox 2056 1510 2240 1539; x_wconf 88' lang='lat' dir='ltr'>amantem</span> <span class='ocrx_word' id='word_1_353' title='bbox 2275 1510 2313 1538; x_wconf 87' lang='lat' dir='ltr'>et</span> 
     </span>
     <span class='ocr_line' id='line_1_47' title="bbox 1324 1561 2312 1610; baseline 0.002 -15"><span class='ocrx_word' id='word_1_354' title='bbox 1324 1568 1543 1596; x_wconf 73' lang='lat' dir='ltr'>:estuantem</span> <span class='ocrx_word' id='word_1_355' title='bbox 1554 1588 1564 1605; x_wconf 88' lang='lat'>,</span> <span class='ocrx_word' id='word_1_356' title='bbox 1582 1561 1787 1597; x_wconf 81' lang='lat' dir='ltr'>ferventem</span> <span class='ocrx_word' id='word_1_357' title='bbox 1803 1569 1840 1597; x_wconf 91' lang='lat' dir='ltr'>et</span> <span class='ocrx_word' id='word_1_358' title='bbox 1855 1570 2085 1610; x_wconf 76' lang='lat' dir='ltr'>quaerentem</span> <span class='ocrx_word' id='word_1_359' title='bbox 2097 1590 2106 1608; x_wconf 95' lang='lat'>,</span> <span class='ocrx_word' id='word_1_360' title='bbox 2120 1574 2312 1610; x_wconf 88' lang='lat' dir='ltr'>nunquam</span> 
     </span>
     <span class='ocr_line' id='line_1_48' title="bbox 1325 1619 2315 1670; baseline 0.002 -16"><span class='ocrx_word' id='word_1_361' title='bbox 1325 1631 1401 1654; x_wconf 90' lang='lat' dir='ltr'>non</span> <span class='ocrx_word' id='word_1_362' title='bbox 1439 1619 1668 1667; x_wconf 80' lang='lat' dir='ltr'>spiritualem</span> <span class='ocrx_word' id='word_1_363' title='bbox 1709 1619 1866 1655; x_wconf 76' lang='lat' dir='ltr'>dixerim</span> <span class='ocrx_word' id='word_1_364' title='bbox 1898 1634 1905 1655; x_wconf 87' lang='lat'><strong>:</strong></span> <span class='ocrx_word' id='word_1_365' title='bbox 1934 1621 2076 1670; x_wconf 88' lang='lat' dir='ltr'>quippe</span> <span class='ocrx_word' id='word_1_366' title='bbox 2109 1633 2192 1669; x_wconf 88' lang='lat' dir='ltr'>quae</span> <span class='ocrx_word' id='word_1_367' title='bbox 2229 1620 2315 1656; x_wconf 89' lang='lat' dir='ltr'>licet</span> 
     </span>
     <span class='ocr_line' id='line_1_49' title="bbox 1325 1677 2314 1729; baseline 0.003 -17"><span class='ocrx_word' id='word_1_368' title='bbox 1325 1677 1494 1713; x_wconf 84' lang='lat' dir='ltr'>nondum</span> <span class='ocrx_word' id='word_1_369' title='bbox 1512 1679 1623 1727; x_wconf 90' lang='lat' dir='ltr'>plena</span> <span class='ocrx_word' id='word_1_370' title='bbox 1642 1679 1806 1725; x_wconf 84' lang='lat' dir='ltr'>visione,</span> <span class='ocrx_word' id='word_1_371' title='bbox 1820 1687 1910 1715; x_wconf 83' lang='lat' dir='ltr'>voto</span> <span class='ocrx_word' id='word_1_372' title='bbox 1928 1687 2050 1715; x_wconf 89' lang='lat' dir='ltr'>tamen</span> <span class='ocrx_word' id='word_1_373' title='bbox 2066 1679 2314 1729; x_wconf 85' lang='lat' dir='ltr'>propensiore</span> 
     </span>
     <span class='ocr_line' id='line_1_50' title="bbox 1325 1737 2310 1788; baseline 0.002 -16"><span class='ocrx_word' id='word_1_374' title='bbox 1325 1737 1377 1772; x_wconf 91' lang='lat' dir='ltr'>illi</span> <span class='ocrx_word' id='word_1_375' title='bbox 1410 1737 1623 1774; x_wconf 74' lang='lat' dir='ltr'>adhaerebat</span> <span class='ocrx_word' id='word_1_376' title='bbox 1644 1766 1653 1783; x_wconf 96' lang='lat'>,</span> <span class='ocrx_word' id='word_1_377' title='bbox 1691 1752 1801 1787; x_wconf 85' lang='lat' dir='ltr'>quem</span> <span class='ocrx_word' id='word_1_378' title='bbox 1840 1738 2082 1775; x_wconf 87' lang='lat' dir='ltr'>vehementer</span> <span class='ocrx_word' id='word_1_379' title='bbox 2119 1738 2310 1788; x_wconf 88' lang='lat' dir='ltr'>diligebat.</span> 
     </span>
     <span class='ocr_line' id='line_1_51' title="bbox 1327 1797 2313 1834; baseline 0.002 -2"><span class='ocrx_word' id='word_1_380' title='bbox 1327 1800 1528 1833; x_wconf 87' lang='lat' dir='ltr'>Possumus</span> <span class='ocrx_word' id='word_1_381' title='bbox 1557 1806 1679 1834; x_wconf 89' lang='lat' dir='ltr'>autem</span> <span class='ocrx_word' id='word_1_382' title='bbox 1711 1811 1787 1834; x_wconf 93' lang='lat' dir='ltr'>non</span> <span class='ocrx_word' id='word_1_383' title='bbox 1818 1798 2127 1834; x_wconf 81' lang='lat' dir='ltr'>inconvenienter</span> <span class='ocrx_word' id='word_1_384' title='bbox 2155 1798 2249 1834; x_wconf 89' lang='lat' dir='ltr'>sicut</span> <span class='ocrx_word' id='word_1_385' title='bbox 2275 1797 2313 1834; x_wconf 89' lang='lat' dir='ltr'>in</span> 
     </span>
    </p>
   </div>
   <div class='ocr_carea' id='block_1_10' title="bbox 269 1855 2315 1906">
    <p class='ocr_par' dir='ltr' id='par_1_11' title="bbox 269 1855 2315 1906">
     <span class='ocr_line' id='line_1_52' title="bbox 269 1855 2315 1906; baseline -0.001 -11"><span class='ocrx_word' id='word_1_386' title='bbox 269 1869 345 1896; x_wconf 86' lang='lat' dir='ltr'>ctes</span> <span class='ocrx_word' id='word_1_387' title='bbox 366 1860 402 1895; x_wconf 91' lang='lat' dir='ltr'>in</span> <span class='ocrx_word' id='word_1_388' title='bbox 434 1872 542 1895; x_wconf 84' lang='lat' dir='ltr'>usum</span> <span class='ocrx_word' id='word_1_389' title='bbox 570 1859 679 1894; x_wconf 89' lang='lat' dir='ltr'>talem</span> <span class='ocrx_word' id='word_1_390' title='bbox 708 1858 934 1903; x_wconf 87' lang='lat' dir='ltr'>decurrunt,</span> <span class='ocrx_word' id='word_1_391' title='bbox 955 1859 1019 1906; x_wconf 87' lang='lat' dir='ltr'>qui</span> <span class='ocrx_word' id='word_1_392' title='bbox 1044 1858 1082 1893; x_wconf 90' lang='lat' dir='ltr'>in</span> <span class='ocrx_word' id='word_1_393' title='bbox 1111 1859 1260 1894; x_wconf 88' lang='lat' dir='ltr'>occulto</span> <span class='ocrx_word' id='word_1_394' title='bbox 1283 1855 1310 1890; x_wconf 94' lang='lat' dir='ltr'>C</span> <span class='ocrx_word' id='word_1_395' title='bbox 1327 1857 1460 1905; x_wconf 89' lang='lat' dir='ltr'>spiritu</span> <span class='ocrx_word' id='word_1_396' title='bbox 1480 1856 1651 1893; x_wconf 82' lang='lat' dir='ltr'>subtilem</span> <span class='ocrx_word' id='word_1_397' title='bbox 1673 1865 1710 1893; x_wconf 87' lang='lat' dir='ltr'>et</span> <span class='ocrx_word' id='word_1_398' title='bbox 1729 1866 1961 1894; x_wconf 86' lang='lat' dir='ltr'>attenuatum</span> <span class='ocrx_word' id='word_1_399' title='bbox 1983 1858 2212 1894; x_wconf 87' lang='lat' dir='ltr'>intellectum</span> <span class='ocrx_word' id='word_1_400' title='bbox 2230 1885 2240 1903; x_wconf 92' lang='lat'>,</span> <span class='ocrx_word' id='word_1_401' title='bbox 2263 1856 2315 1893; x_wconf 87' lang='lat' dir='ltr'>sic</span> 
     </span>
    </p>
   </div>
   <div class='ocr_carea' id='block_1_11' title="bbox 270 1917 1265 2613">
    <p class='ocr_par' dir='ltr' id='par_1_12' title="bbox 270 1917 1265 2613">
     <span class='ocr_line' id='line_1_53' title="bbox 271 1917 1261 1966; baseline -0.002 -12"><span class='ocrx_word' id='word_1_402' title='bbox 271 1932 340 1955; x_wconf 87' lang='lat' dir='ltr'>suo</span> <span class='ocrx_word' id='word_1_403' title='bbox 357 1919 445 1954; x_wconf 89' lang='lat' dir='ltr'>nihil</span> <span class='ocrx_word' id='word_1_404' title='bbox 460 1918 532 1966; x_wconf 82' lang='lat' dir='ltr'>agit</span> <span class='ocrx_word' id='word_1_405' title='bbox 547 1917 797 1953; x_wconf 84' lang='lat' dir='ltr'>occultatione</span> <span class='ocrx_word' id='word_1_406' title='bbox 814 1917 981 1966; x_wconf 82' lang='lat' dir='ltr'>dignum.</span> <span class='ocrx_word' id='word_1_407' title='bbox 995 1917 1261 1966; x_wconf 87' lang='lat' dir='ltr'>Unusquisque</span> 
     </span>
     <span class='ocr_line' id='line_1_54' title="bbox 270 1975 1260 2022; baseline -0.003 -9"><span class='ocrx_word' id='word_1_408' title='bbox 270 1991 374 2013; x_wconf 88' lang='lat' dir='ltr'>suam</span> <span class='ocrx_word' id='word_1_409' title='bbox 395 1977 596 2012; x_wconf 78' lang='lat' dir='ltr'>conveniat</span> <span class='ocrx_word' id='word_1_410' title='bbox 622 1976 902 2011; x_wconf 89' lang='lat' dir='ltr'>conscientiam.</span> <span class='ocrx_word' id='word_1_411' title='bbox 925 1975 1023 2022; x_wconf 87' lang='lat' dir='ltr'>Quid</span> <span class='ocrx_word' id='word_1_412' title='bbox 1047 1975 1145 2011; x_wconf 89' lang='lat' dir='ltr'>enim</span> <span class='ocrx_word' id='word_1_413' title='bbox 1171 1975 1260 2011; x_wconf 91' lang='lat' dir='ltr'>mihi</span> 
     </span>
     <span class='ocr_line' id='line_1_55' title="bbox 270 2033 1260 2084; baseline -0.003 -13"><span class='ocrx_word' id='word_1_414' title='bbox 270 2037 428 2072; x_wconf 87' lang='lat' dir='ltr'>aliorum</span> <span class='ocrx_word' id='word_1_415' title='bbox 450 2044 646 2084; x_wconf 85' lang='lat' dir='ltr'>pereutere</span> <span class='ocrx_word' id='word_1_416' title='bbox 663 2034 927 2069; x_wconf 78' lang='lat' dir='ltr'>conscientiam</span> <span class='ocrx_word' id='word_1_417' title='bbox 949 2033 1160 2068; x_wconf 80' lang='lat' dir='ltr'>infirmam?</span> <span class='ocrx_word' id='word_1_418' title='bbox 1179 2036 1260 2070; x_wconf 67' lang='lat' dir='ltr'>Non</span> 
     </span>
     <span class='ocr_line' id='line_1_56' title="bbox 270 2091 1261 2144; baseline -0.005 -13"><span class='ocrx_word' id='word_1_419' title='bbox 270 2095 442 2144; x_wconf 88' lang='lat' dir='ltr'>percutio</span> <span class='ocrx_word' id='word_1_420' title='bbox 465 2107 532 2129; x_wconf 83' lang='lat' dir='ltr'>nec</span> <span class='ocrx_word' id='word_1_421' title='bbox 553 2093 711 2128; x_wconf 90' lang='lat' dir='ltr'>discutio</span> <span class='ocrx_word' id='word_1_422' title='bbox 728 2092 879 2140; x_wconf 90' lang='lat' dir='ltr'>quidem</span> <span class='ocrx_word' id='word_1_423' title='bbox 902 2105 909 2126; x_wconf 87' lang='grc'>;</span> <span class='ocrx_word' id='word_1_424' title='bbox 931 2092 997 2127; x_wconf 91' lang='lat' dir='ltr'>etsi</span> <span class='ocrx_word' id='word_1_425' title='bbox 1020 2091 1168 2126; x_wconf 87' lang='lat' dir='ltr'>inlirma</span> <span class='ocrx_word' id='word_1_426' title='bbox 1188 2099 1261 2136; x_wconf 78' lang='lat' dir='ltr'>est,</span> 
     </span>
     <span class='ocr_line' id='line_1_57' title="bbox 273 2150 1261 2198; baseline -0.004 -9"><span class='ocrx_word' id='word_1_427' title='bbox 273 2154 370 2189; x_wconf 73' lang='lat' dir='ltr'>soeda</span> <span class='ocrx_word' id='word_1_428' title='bbox 395 2154 523 2190; x_wconf 82' lang='lat' dir='ltr'>saltem</span> <span class='ocrx_word' id='word_1_429' title='bbox 549 2165 623 2187; x_wconf 91' lang='lat' dir='ltr'>non</span> <span class='ocrx_word' id='word_1_430' title='bbox 646 2152 704 2187; x_wconf 89' lang='lat' dir='ltr'>sit.</span> <span class='ocrx_word' id='word_1_431' title='bbox 729 2154 810 2187; x_wconf 67' lang='lat' dir='ltr'>Non</span> <span class='ocrx_word' id='word_1_432' title='bbox 835 2159 917 2198; x_wconf 86' lang='lat' dir='ltr'>agat</span> <span class='ocrx_word' id='word_1_433' title='bbox 936 2151 973 2186; x_wconf 92' lang='lat' dir='ltr'>in</span> <span class='ocrx_word' id='word_1_434' title='bbox 997 2150 1168 2195; x_wconf 87' lang='lat' dir='ltr'>occulto,</span> <span class='ocrx_word' id='word_1_435' title='bbox 1192 2163 1261 2185; x_wconf 89' lang='lat' dir='ltr'>nec</span> 
     </span>
     <span class='ocr_line' id='line_1_58' title="bbox 271 2207 1262 2261; baseline -0.006 -13"><span class='ocrx_word' id='word_1_436' title='bbox 271 2213 409 2261; x_wconf 80' lang='lat' dir='ltr'>cogitet</span> <span class='ocrx_word' id='word_1_437' title='bbox 427 2211 578 2260; x_wconf 89' lang='lat' dir='ltr'>quidem</span> <span class='ocrx_word' id='word_1_438' title='bbox 600 2223 682 2258; x_wconf 76' lang='lat' dir='ltr'>quae</span> <span class='ocrx_word' id='word_1_439' title='bbox 702 2217 812 2257; x_wconf 89' lang='lat' dir='ltr'>turpe</span> <span class='ocrx_word' id='word_1_440' title='bbox 833 2217 887 2244; x_wconf 89' lang='lat' dir='ltr'>est</span> <span class='ocrx_word' id='word_1_441' title='bbox 908 2217 944 2243; x_wconf 89' lang='lat' dir='ltr'>et</span> <span class='ocrx_word' id='word_1_442' title='bbox 966 2208 1101 2244; x_wconf 85' lang='lat' dir='ltr'>dicere.</span> <span class='ocrx_word' id='word_1_443' title='bbox 1126 2207 1183 2243; x_wconf 87' lang='lat' dir='ltr'>Ad</span> <span class='ocrx_word' id='word_1_444' title='bbox 1205 2215 1262 2242; x_wconf 89' lang='lat' dir='ltr'>ta-</span> 
     </span>
     <span class='ocr_line' id='line_1_59' title="bbox 271 2268 1262 2309; baseline -0.007 0"><span class='ocrx_word' id='word_1_445' title='bbox 271 2275 342 2309; x_wconf 91' lang='lat' dir='ltr'>lem</span> <span class='ocrx_word' id='word_1_446' title='bbox 360 2281 516 2309; x_wconf 89' lang='lat' dir='ltr'>stratum</span> <span class='ocrx_word' id='word_1_447' title='bbox 533 2275 640 2307; x_wconf 82' lang='lat' dir='ltr'>Jesus</span> <span class='ocrx_word' id='word_1_448' title='bbox 655 2270 842 2306; x_wconf 90' lang='lat' dir='ltr'>declinare</span> <span class='ocrx_word' id='word_1_449' title='bbox 859 2282 935 2304; x_wconf 92' lang='lat' dir='ltr'>non</span> <span class='ocrx_word' id='word_1_450' title='bbox 955 2268 1073 2304; x_wconf 89' lang='lat' dir='ltr'>novit.</span> <span class='ocrx_word' id='word_1_451' title='bbox 1097 2268 1262 2304; x_wconf 89' lang='lat' dir='ltr'>Offendit</span> 
     </span>
     <span class='ocr_line' id='line_1_60' title="bbox 272 2326 1262 2378; baseline -0.006 -11"><span class='ocrx_word' id='word_1_452' title='bbox 272 2333 398 2376; x_wconf 87' lang='lat' dir='ltr'>illum,</span> <span class='ocrx_word' id='word_1_453' title='bbox 425 2339 462 2366; x_wconf 86' lang='lat' dir='ltr'>et</span> <span class='ocrx_word' id='word_1_454' title='bbox 491 2330 591 2378; x_wconf 81' lang='lat' dir='ltr'>fugat</span> <span class='ocrx_word' id='word_1_455' title='bbox 621 2329 776 2364; x_wconf 78' lang='lat' dir='ltr'>confusa</span> <span class='ocrx_word' id='word_1_456' title='bbox 807 2327 1049 2363; x_wconf 88' lang='lat' dir='ltr'>conscientia.</span> <span class='ocrx_word' id='word_1_457' title='bbox 1081 2326 1262 2362; x_wconf 89' lang='lat' dir='ltr'>Confusio</span> 
     </span>
     <span class='ocr_line' id='line_1_61' title="bbox 272 2384 1263 2433; baseline -0.007 -7"><span class='ocrx_word' id='word_1_458' title='bbox 272 2389 508 2427; x_wconf 66' lang='lat' dir='ltr'>conscientiae</span> <span class='ocrx_word' id='word_1_459' title='bbox 529 2401 604 2424; x_wconf 91' lang='lat' dir='ltr'>non</span> <span class='ocrx_word' id='word_1_460' title='bbox 626 2387 759 2423; x_wconf 72' lang='lat' dir='ltr'>invitat</span> <span class='ocrx_word' id='word_1_461' title='bbox 778 2387 902 2430; x_wconf 90' lang='lat' dir='ltr'>illum,</span> <span class='ocrx_word' id='word_1_462' title='bbox 920 2385 982 2421; x_wconf 86' lang='lat' dir='ltr'>sed</span> <span class='ocrx_word' id='word_1_463' title='bbox 1002 2385 1115 2433; x_wconf 87' lang='lat' dir='ltr'>magis</span> <span class='ocrx_word' id='word_1_464' title='bbox 1137 2384 1263 2419; x_wconf 76' lang='lat' dir='ltr'>evitat.</span> 
     </span>
     <span class='ocr_line' id='line_1_62' title="bbox 274 2443 1264 2493; baseline -0.007 -8"><span class='ocrx_word' id='word_1_465' title='bbox 274 2449 440 2487; x_wconf 76' lang='lat' dir='ltr'>Charitas</span> <span class='ocrx_word' id='word_1_466' title='bbox 471 2456 593 2483; x_wconf 84' lang='lat' dir='ltr'>autem</span> <span class='ocrx_word' id='word_1_467' title='bbox 625 2446 670 2481; x_wconf 91' lang='lat' dir='ltr'>de</span> <span class='ocrx_word' id='word_1_468' title='bbox 701 2444 814 2481; x_wconf 80' lang='lat' dir='ltr'>eorde</span> <span class='ocrx_word' id='word_1_469' title='bbox 846 2458 942 2493; x_wconf 88' lang='lat' dir='ltr'>puro</span> <span class='ocrx_word' id='word_1_470' title='bbox 969 2453 1004 2479; x_wconf 90' lang='lat' dir='ltr'>et</span> <span class='ocrx_word' id='word_1_471' title='bbox 1036 2443 1264 2479; x_wconf 85' lang='lat' dir='ltr'>conscientia</span> 
     </span>
     <span class='ocr_line' id='line_1_63' title="bbox 274 2502 1262 2555; baseline -0.007 -11"><span class='ocrx_word' id='word_1_472' title='bbox 274 2509 415 2552; x_wconf 78' lang='lat' dir='ltr'>l)1›na⁷,</span> <span class='ocrx_word' id='word_1_473' title='bbox 441 2507 518 2555; x_wconf 80' lang='lat' dir='ltr'>ipsa</span> <span class='ocrx_word' id='word_1_474' title='bbox 545 2514 598 2541; x_wconf 86' lang='lat' dir='ltr'>est</span> <span class='ocrx_word' id='word_1_475' title='bbox 620 2518 702 2553; x_wconf 82' lang='lat' dir='ltr'>qnae</span> <span class='ocrx_word' id='word_1_476' title='bbox 735 2505 879 2553; x_wconf 54' lang='lat' dir='ltr'>quierit.</span> <span class='ocrx_word' id='word_1_477' title='bbox 911 2504 969 2540; x_wconf 80' lang='lat' dir='ltr'>Sic</span> <span class='ocrx_word' id='word_1_478' title='bbox 994 2503 1092 2539; x_wconf 91' lang='lat' dir='ltr'>enim</span> <span class='ocrx_word' id='word_1_479' title='bbox 1121 2502 1262 2538; x_wconf 88' lang='lat' dir='ltr'>habes:</span> 
     </span>
     <span class='ocr_line' id='line_1_64' title="bbox 277 2561 1265 2613; baseline -0.005 -12"><span class='ocrx_word' id='word_1_480' title='bbox 277 2571 438 2612; x_wconf 62' lang='lat' dir='ltr'>Qiicinsiei</span> <span class='ocrx_word' id='word_1_481' title='bbox 467 2579 573 2613; x_wconf 76' lang='lat' dir='ltr'>quem</span> <span class='ocrx_word' id='word_1_482' title='bbox 605 2566 729 2611; x_wconf 75' lang='lat' dir='ltr'>diligit</span> <span class='ocrx_word' id='word_1_483' title='bbox 760 2568 890 2598; x_wconf 72' lang='lat' dir='ltr'>anima</span> <span class='ocrx_word' id='word_1_484' title='bbox 919 2576 1012 2597; x_wconf 75' lang='lat' dir='ltr'>mea.</span> <span class='ocrx_word' id='word_1_485' title='bbox 1040 2562 1138 2599; x_wconf 68' lang='lat' dir='ltr'>Nihil</span> <span class='ocrx_word' id='word_1_486' title='bbox 1166 2561 1265 2597; x_wconf 85' lang='lat' dir='ltr'>bona</span> 
     </span>
    </p>
   </div>
   <div class='ocr_carea' id='block_1_12' title="bbox 1326 1915 2317 2613">
    <p class='ocr_par' dir='ltr' id='par_1_13' title="bbox 1326 1915 2317 2613">
     <span class='ocr_line' id='line_1_65' title="bbox 1326 1915 2312 1966; baseline 0.003 -16"><span class='ocrx_word' id='word_1_487' title='bbox 1326 1915 1363 1950; x_wconf 92' lang='lat' dir='ltr'>in</span> <span class='ocrx_word' id='word_1_488' title='bbox 1384 1916 1506 1951; x_wconf 88' lang='lat' dir='ltr'>anima</span> <span class='ocrx_word' id='word_1_489' title='bbox 1526 1929 1676 1952; x_wconf 78' lang='lat' dir='ltr'>suavem</span> <span class='ocrx_word' id='word_1_490' title='bbox 1697 1925 1733 1952; x_wconf 90' lang='lat' dir='ltr'>et</span> <span class='ocrx_word' id='word_1_491' title='bbox 1753 1925 1922 1953; x_wconf 89' lang='lat' dir='ltr'>tenerum</span> <span class='ocrx_word' id='word_1_492' title='bbox 1941 1918 2116 1953; x_wconf 85' lang='lat' dir='ltr'>affectum</span> <span class='ocrx_word' id='word_1_493' title='bbox 2133 1917 2312 1966; x_wconf 80' lang='lat' dir='ltr'>accipere.</span> 
     </span>
     <span class='ocr_line' id='line_1_66' title="bbox 1328 1975 2314 2025; baseline 0.002 -16"><span class='ocrx_word' id='word_1_494' title='bbox 1328 1977 1398 2010; x_wconf 88' lang='lat' dir='ltr'>Per</span> <span class='ocrx_word' id='word_1_495' title='bbox 1416 1975 1638 2023; x_wconf 87' lang='lat' dir='ltr'>prophetam</span> <span class='ocrx_word' id='word_1_496' title='bbox 1660 1976 1698 2011; x_wconf 89' lang='lat' dir='ltr'>in</span> <span class='ocrx_word' id='word_1_497' title='bbox 1719 1976 1970 2025; x_wconf 86' lang='lat' dir='ltr'>promissione</span> <span class='ocrx_word' id='word_1_498' title='bbox 1990 1976 2174 2012; x_wconf 89' lang='lat' dir='ltr'>Dominus</span> <span class='ocrx_word' id='word_1_499' title='bbox 2195 1975 2284 2011; x_wconf 88' lang='lat' dir='ltr'>dicit</span> <span class='ocrx_word' id='word_1_500' title='bbox 2305 1989 2314 2012; x_wconf 89' lang='lat'><strong>:</strong></span> 
     </span>
     <span class='ocr_line' id='line_1_67' title="bbox 1327 2032 2316 2084; baseline 0.003 -17"><span class='ocrx_word' id='word_1_501' title='bbox 1327 2032 1434 2067; x_wconf 73' lang='lat' dir='ltr'>Dabo</span> <span class='ocrx_word' id='word_1_502' title='bbox 1450 2033 1555 2068; x_wconf 81' lang='lat' dir='ltr'>vobis</span> <span class='ocrx_word' id='word_1_503' title='bbox 1569 2048 1631 2070; x_wconf 82' lang='lat' dir='ltr'>eor</span> <span class='ocrx_word' id='word_1_504' title='bbox 1645 2048 1817 2070; x_wconf 76' lang='lat' dir='ltr'>carneum</span> <span class='ocrx_word' id='word_1_505' title='bbox 1830 2033 1856 2070; x_wconf 76' lang='lat'>⁸.</span> <span class='ocrx_word' id='word_1_506' title='bbox 1873 2035 1908 2072; x_wconf 88' lang='lat' dir='ltr'>Si</span> <span class='ocrx_word' id='word_1_507' title='bbox 1926 2048 2014 2084; x_wconf 76' lang='lat' dir='ltr'>ergo</span> <span class='ocrx_word' id='word_1_508' title='bbox 2037 2035 2157 2072; x_wconf 78' lang='lat' dir='ltr'>carnis</span> <span class='ocrx_word' id='word_1_509' title='bbox 2177 2047 2316 2071; x_wconf 85' lang='lat' dir='ltr'>nomen</span> 
     </span>
     <span class='ocr_line' id='line_1_68' title="bbox 1327 2091 2316 2144; baseline 0.003 -17"><span class='ocrx_word' id='word_1_510' title='bbox 1327 2092 1364 2127; x_wconf 89' lang='lat' dir='ltr'>in</span> <span class='ocrx_word' id='word_1_511' title='bbox 1388 2091 1490 2128; x_wconf 90' lang='lat' dir='ltr'>bono</span> <span class='ocrx_word' id='word_1_512' title='bbox 1510 2093 1647 2129; x_wconf 85' lang='lat' dir='ltr'>alieubi</span> <span class='ocrx_word' id='word_1_513' title='bbox 1677 2095 1880 2143; x_wconf 87' lang='lat' dir='ltr'>accipitur,</span> <span class='ocrx_word' id='word_1_514' title='bbox 1903 2108 1970 2130; x_wconf 88' lang='lat' dir='ltr'>cur</span> <span class='ocrx_word' id='word_1_515' title='bbox 1996 2107 2071 2130; x_wconf 90' lang='lat' dir='ltr'>non</span> <span class='ocrx_word' id='word_1_516' title='bbox 2093 2095 2209 2144; x_wconf 89' lang='lat' dir='ltr'>magis</span> <span class='ocrx_word' id='word_1_517' title='bbox 2231 2095 2316 2130; x_wconf 88' lang='lat' dir='ltr'>ani-</span> 
     </span>
     <span class='ocr_line' id='line_1_69' title="bbox 1327 2151 2317 2200; baseline 0.004 -15"><span class='ocrx_word' id='word_1_518' title='bbox 1327 2152 1426 2186; x_wconf 81' lang='lat' dir='ltr'>mae?</span> <span class='ocrx_word' id='word_1_519' title='bbox 1457 2155 1534 2200; x_wconf 83' lang='lat' dir='ltr'>Ego</span> <span class='ocrx_word' id='word_1_520' title='bbox 1566 2151 1711 2188; x_wconf 85' lang='lat' dir='ltr'>beatam</span> <span class='ocrx_word' id='word_1_521' title='bbox 1747 2152 1842 2188; x_wconf 89' lang='lat' dir='ltr'>hanc</span> <span class='ocrx_word' id='word_1_522' title='bbox 1874 2153 2060 2198; x_wconf 85' lang='lat' dir='ltr'>animam,</span> <span class='ocrx_word' id='word_1_523' title='bbox 2091 2161 2132 2189; x_wconf 91' lang='lat' dir='ltr'>ut</span> <span class='ocrx_word' id='word_1_524' title='bbox 2161 2153 2317 2189; x_wconf 87' lang='lat' dir='ltr'>licenter</span> 
     </span>
     <span class='ocr_line' id='line_1_70' title="bbox 1327 2209 2314 2260; baseline 0.004 -16"><span class='ocrx_word' id='word_1_525' title='bbox 1327 2209 1476 2257; x_wconf 86' lang='lat' dir='ltr'>loquar,</span> <span class='ocrx_word' id='word_1_526' title='bbox 1495 2224 1569 2246; x_wconf 90' lang='lat' dir='ltr'>non</span> <span class='ocrx_word' id='word_1_527' title='bbox 1590 2211 1773 2260; x_wconf 87' lang='lat' dir='ltr'>lapideam</span> <span class='ocrx_word' id='word_1_528' title='bbox 1794 2211 1857 2247; x_wconf 90' lang='lat' dir='ltr'>sed</span> <span class='ocrx_word' id='word_1_529' title='bbox 1880 2225 2053 2248; x_wconf 90' lang='lat' dir='ltr'>carneam</span> <span class='ocrx_word' id='word_1_530' title='bbox 2077 2212 2192 2260; x_wconf 88' lang='lat' dir='ltr'>magis</span> <span class='ocrx_word' id='word_1_531' title='bbox 2207 2211 2314 2260; x_wconf 86' lang='lat' dir='ltr'>judi-</span> 
     </span>
     <span class='ocr_line' id='line_1_71' title="bbox 1328 2269 2315 2320; baseline 0.005 -18"><span class='ocrx_word' id='word_1_532' title='bbox 1328 2269 1509 2313; x_wconf 85' lang='lat' dir='ltr'>caverim,</span> <span class='ocrx_word' id='word_1_533' title='bbox 1539 2278 1575 2305; x_wconf 85' lang='lat' dir='ltr'>et</span> <span class='ocrx_word' id='word_1_534' title='bbox 1602 2270 1693 2306; x_wconf 88' lang='lat' dir='ltr'>nihil</span> <span class='ocrx_word' id='word_1_535' title='bbox 1725 2269 1923 2306; x_wconf 84' lang='lat' dir='ltr'>habentem</span> <span class='ocrx_word' id='word_1_536' title='bbox 1954 2271 1990 2306; x_wconf 89' lang='lat' dir='ltr'>in</span> <span class='ocrx_word' id='word_1_537' title='bbox 2023 2284 2062 2307; x_wconf 91' lang='lat' dir='ltr'>se</span> <span class='ocrx_word' id='word_1_538' title='bbox 2094 2271 2227 2320; x_wconf 88' lang='lat' dir='ltr'>rigoris</span> <span class='ocrx_word' id='word_1_539' title='bbox 2256 2272 2315 2308; x_wconf 75' lang='lat' dir='ltr'>vel</span> 
     </span>
     <span class='ocr_line' id='line_1_72' title="bbox 1331 2326 2316 2377; baseline 0.005 -16"><span class='ocrx_word' id='word_1_540' title='bbox 1331 2326 1500 2372; x_wconf 81' lang='lat' dir='ltr'>duritiae3</span> <span class='ocrx_word' id='word_1_541' title='bbox 1536 2328 1599 2364; x_wconf 86' lang='lat' dir='ltr'>sed</span> <span class='ocrx_word' id='word_1_542' title='bbox 1634 2329 1806 2374; x_wconf 91' lang='lat' dir='ltr'>mollem,</span> <span class='ocrx_word' id='word_1_543' title='bbox 1837 2338 2023 2375; x_wconf 82' lang='lat' dir='ltr'>teneram,</span> <span class='ocrx_word' id='word_1_544' title='bbox 2064 2329 2316 2377; x_wconf 87' lang='lat' dir='ltr'>tractabilem,</span> 
     </span>
     <span class='ocr_line' id='line_1_73' title="bbox 1331 2387 2312 2436; baseline 0.005 -15"><span class='ocrx_word' id='word_1_545' title='bbox 1331 2394 1366 2421; x_wconf 84' lang='lat' dir='ltr'>et</span> <span class='ocrx_word' id='word_1_546' title='bbox 1389 2387 1599 2423; x_wconf 87' lang='lat' dir='ltr'>sensibilem</span> <span class='ocrx_word' id='word_1_547' title='bbox 1621 2387 1666 2423; x_wconf 90' lang='lat' dir='ltr'>ad</span> <span class='ocrx_word' id='word_1_548' title='bbox 1688 2389 1854 2436; x_wconf 79' lang='lat' dir='ltr'>singulos</span> <span class='ocrx_word' id='word_1_549' title='bbox 1876 2388 1994 2424; x_wconf 75' lang='lat' dir='ltr'>(livini</span> <span class='ocrx_word' id='word_1_550' title='bbox 2018 2387 2123 2424; x_wconf 78' lang='lat' dir='ltr'>verbi</span> <span class='ocrx_word' id='word_1_551' title='bbox 2149 2389 2312 2426; x_wconf 88' lang='lat' dir='ltr'>aculeos.</span> 
     </span>
     <span class='ocr_line' id='line_1_74' title="bbox 1332 2445 2315 2496; baseline 0.004 -16"><span class='ocrx_word' id='word_1_552' title='bbox 1332 2445 1502 2493; x_wconf 88' lang='lat' dir='ltr'>Denique</span> <span class='ocrx_word' id='word_1_553' title='bbox 1523 2459 1604 2495; x_wconf 88' lang='lat' dir='ltr'>quae</span> <span class='ocrx_word' id='word_1_554' title='bbox 1628 2446 1725 2482; x_wconf 88' lang='lat' dir='ltr'>dicat</span> <span class='ocrx_word' id='word_1_555' title='bbox 1740 2475 1748 2491; x_wconf 91' lang='lat'>,</span> <span class='ocrx_word' id='word_1_556' title='bbox 1764 2450 1891 2496; x_wconf 85' lang='lat' dir='ltr'>Neque</span> <span class='ocrx_word' id='word_1_557' title='bbox 1913 2460 1999 2483; x_wconf 84' lang='lat' dir='ltr'>caro</span> <span class='ocrx_word' id='word_1_558' title='bbox 2023 2460 2103 2484; x_wconf 88' lang='lat' dir='ltr'>mea</span> <span class='ocrx_word' id='word_1_559' title='bbox 2123 2460 2225 2484; x_wconf 82' lang='lat' dir='ltr'>aenea</span> <span class='ocrx_word' id='word_1_560' title='bbox 2241 2457 2315 2485; x_wconf 89' lang='lat' dir='ltr'>est:</span> 
     </span>
     <span class='ocr_line' id='line_1_75' title="bbox 1330 2503 2317 2554; baseline 0.004 -16"><span class='ocrx_word' id='word_1_561' title='bbox 1330 2503 1393 2539; x_wconf 83' lang='lat' dir='ltr'>sed</span> <span class='ocrx_word' id='word_1_562' title='bbox 1432 2517 1542 2552; x_wconf 90' lang='lat' dir='ltr'>quam</span> <span class='ocrx_word' id='word_1_563' title='bbox 1579 2504 1781 2553; x_wconf 88' lang='lat' dir='ltr'>spiritualis</span> <span class='ocrx_word' id='word_1_564' title='bbox 1822 2513 2056 2554; x_wconf 82' lang='lat' dir='ltr'>pertranseat</span> <span class='ocrx_word' id='word_1_565' title='bbox 2089 2505 2252 2554; x_wconf 83' lang='lat' dir='ltr'>gladius,</span> <span class='ocrx_word' id='word_1_566' title='bbox 2280 2514 2317 2542; x_wconf 89' lang='lat' dir='ltr'>et</span> 
     </span>
     <span class='ocr_line' id='line_1_76' title="bbox 1331 2561 2316 2613; baseline 0.005 -17"><span class='ocrx_word' id='word_1_567' title='bbox 1331 2561 1509 2597; x_wconf 79' lang='lat' dir='ltr'>charitate</span> <span class='ocrx_word' id='word_1_568' title='bbox 1545 2576 1582 2598; x_wconf 84' lang='lat' dir='ltr'>se</span> <span class='ocrx_word' id='word_1_569' title='bbox 1621 2563 1852 2599; x_wconf 69' lang='lat' dir='ltr'>vulneratam</span> <span class='ocrx_word' id='word_1_570' title='bbox 1895 2563 2062 2612; x_wconf 83' lang='lat' dir='ltr'>gaudeat.</span> <span class='ocrx_word' id='word_1_571' title='bbox 2095 2568 2186 2600; x_wconf 87' lang='lat' dir='ltr'>Jure</span> <span class='ocrx_word' id='word_1_572' title='bbox 2227 2577 2316 2613; x_wconf 90' lang='lat' dir='ltr'>ergo</span> 
     </span>
    </p>
   </div>
   <div class='ocr_carea' id='block_1_13' title="bbox 275 2620 2317 2671">
    <p class='ocr_par' dir='ltr' id='par_1_14' title="bbox 275 2620 2317 2671">
     <span class='ocr_line' id='line_1_77' title="bbox 275 2620 2317 2671; baseline -0.001 -10"><span class='ocrx_word' id='word_1_573' title='bbox 275 2627 389 2662; x_wconf 80' lang='lat' dir='ltr'>tutius</span> <span class='ocrx_word' id='word_1_574' title='bbox 413 2625 652 2661; x_wconf 79' lang='lat' dir='ltr'>conscientia.</span> <span class='ocrx_word' id='word_1_575' title='bbox 685 2627 787 2659; x_wconf 87' lang='lat' dir='ltr'>Bona</span> <span class='ocrx_word' id='word_1_576' title='bbox 813 2622 1041 2658; x_wconf 83' lang='lat' dir='ltr'>conscientia</span> <span class='ocrx_word' id='word_1_577' title='bbox 1065 2620 1201 2665; x_wconf 84' lang='lat' dir='ltr'>audet,</span> <span class='ocrx_word' id='word_1_578' title='bbox 1225 2620 1310 2656; x_wconf 89' lang='lat' dir='ltr'>etl)</span> <span class='ocrx_word' id='word_1_579' title='bbox 1330 2620 1489 2656; x_wconf 86' lang='lat' dir='ltr'>animam</span> <span class='ocrx_word' id='word_1_580' title='bbox 1514 2634 1616 2656; x_wconf 91' lang='lat' dir='ltr'>suam</span> <span class='ocrx_word' id='word_1_581' title='bbox 1643 2621 1797 2670; x_wconf 86' lang='lat' dir='ltr'>diligere</span> <span class='ocrx_word' id='word_1_582' title='bbox 1821 2621 1928 2666; x_wconf 85' lang='lat' dir='ltr'>dicit,</span> <span class='ocrx_word' id='word_1_583' title='bbox 1955 2622 2166 2671; x_wconf 88' lang='lat' dir='ltr'>exprimere</span> <span class='ocrx_word' id='word_1_584' title='bbox 2186 2623 2317 2659; x_wconf 83' lang='lat' dir='ltr'>volens</span> 
     </span>
    </p>
   </div>
   <div class='ocr_carea' id='block_1_14' title="bbox 273 2681 1267 3202">
    <p class='ocr_par' dir='ltr' id='par_1_15' title="bbox 273 2681 1267 3147">
     <span class='ocr_line' id='line_1_78' title="bbox 273 2681 1265 2724; baseline -0.005 -4"><span class='ocrx_word' id='word_1_585' title='bbox 273 2686 432 2720; x_wconf 71' lang='lat' dir='ltr'>‹liaritas</span> <span class='ocrx_word' id='word_1_586' title='bbox 459 2683 574 2719; x_wconf 84' lang='lat' dir='ltr'>ardet.</span> <span class='ocrx_word' id='word_1_587' title='bbox 603 2684 667 2719; x_wconf 79' lang='lat' dir='ltr'>Illa</span> <span class='ocrx_word' id='word_1_588' title='bbox 697 2696 770 2718; x_wconf 93' lang='lat' dir='ltr'>non</span> <span class='ocrx_word' id='word_1_589' title='bbox 800 2682 996 2724; x_wconf 85' lang='lat' dir='ltr'>formidat;</span> <span class='ocrx_word' id='word_1_590' title='bbox 1025 2681 1091 2717; x_wconf 87' lang='lat' dir='ltr'>ista</span> <span class='ocrx_word' id='word_1_591' title='bbox 1119 2681 1265 2716; x_wconf 84' lang='lat' dir='ltr'>inllam-</span> 
     </span>
     <span class='ocr_line' id='line_1_79' title="bbox 274 2741 1267 2793; baseline -0.005 -13"><span class='ocrx_word' id='word_1_592' title='bbox 274 2754 370 2780; x_wconf 84' lang='lat' dir='ltr'>mat:</span> <span class='ocrx_word' id='word_1_593' title='bbox 391 2745 451 2780; x_wconf 90' lang='lat' dir='ltr'>illa</span> <span class='ocrx_word' id='word_1_594' title='bbox 470 2757 539 2793; x_wconf 90' lang='lat' dir='ltr'>pro</span> <span class='ocrx_word' id='word_1_595' title='bbox 557 2744 692 2779; x_wconf 80' lang='lat' dir='ltr'>delicto</span> <span class='ocrx_word' id='word_1_596' title='bbox 711 2755 784 2777; x_wconf 89' lang='lat' dir='ltr'>non</span> <span class='ocrx_word' id='word_1_597' title='bbox 806 2741 1065 2785; x_wconf 86' lang='lat' dir='ltr'>confunditm·;</span> <span class='ocrx_word' id='word_1_598' title='bbox 1088 2741 1156 2776; x_wconf 85' lang='lat' dir='ltr'>ista</span> <span class='ocrx_word' id='word_1_599' title='bbox 1178 2753 1267 2775; x_wconf 88' lang='lat' dir='ltr'>eon-</span> 
     </span>
     <span class='ocr_line' id='line_1_80' title="bbox 276 2799 1265 2852; baseline -0.005 -14"><span class='ocrx_word' id='word_1_600' title='bbox 276 2804 355 2839; x_wconf 85' lang='lat' dir='ltr'>lidit</span> <span class='ocrx_word' id='word_1_601' title='bbox 384 2816 496 2852; x_wconf 81' lang='lat' dir='ltr'>super</span> <span class='ocrx_word' id='word_1_602' title='bbox 526 2801 673 2837; x_wconf 80' lang='lat' dir='ltr'>dilecto.</span> <span class='ocrx_word' id='word_1_603' title='bbox 710 2804 839 2849; x_wconf 70' lang='lat' dir='ltr'>Magna</span> <span class='ocrx_word' id='word_1_604' title='bbox 869 2801 923 2836; x_wconf 75' lang='lat' dir='ltr'>vis</span> <span class='ocrx_word' id='word_1_605' title='bbox 951 2800 1100 2836; x_wconf 83' lang='lat' dir='ltr'>amoris.</span> <span class='ocrx_word' id='word_1_606' title='bbox 1130 2799 1265 2836; x_wconf 74' lang='lat' dir='ltr'>Alieno</span> 
     </span>
     <span class='ocr_line' id='line_1_81' title="bbox 275 2858 1260 2910; baseline -0.005 -12"><span class='ocrx_word' id='word_1_607' title='bbox 275 2876 349 2898; x_wconf 82' lang='lat' dir='ltr'>non</span> <span class='ocrx_word' id='word_1_608' title='bbox 372 2863 502 2898; x_wconf 90' lang='lat' dir='ltr'>nititur</span> <span class='ocrx_word' id='word_1_609' title='bbox 523 2861 717 2908; x_wconf 73' lang='lat' dir='ltr'>suffragio,</span> <span class='ocrx_word' id='word_1_610' title='bbox 737 2860 898 2910; x_wconf 81' lang='lat' dir='ltr'>propriis</span> <span class='ocrx_word' id='word_1_611' title='bbox 915 2867 1089 2895; x_wconf 81' lang='lat' dir='ltr'>contenta</span> <span class='ocrx_word' id='word_1_612' title='bbox 1109 2858 1260 2894; x_wconf 75' lang='lat' dir='ltr'>meritis.</span> 
     </span>
     <span class='ocr_line' id='line_1_82' title="bbox 273 2920 1262 2970; baseline -0.004 -13"><span class='ocrx_word' id='word_1_613' title='bbox 273 2927 428 2970; x_wconf 78' lang='lat' dir='ltr'>Semper</span> <span class='ocrx_word' id='word_1_614' title='bbox 461 2921 573 2956; x_wconf 86' lang='lat' dir='ltr'>amari</span> <span class='ocrx_word' id='word_1_615' title='bbox 610 2934 647 2955; x_wconf 81' lang='lat' dir='ltr'>se</span> <span class='ocrx_word' id='word_1_616' title='bbox 685 2920 898 2968; x_wconf 53' lang='lat' dir='ltr'>praisumit,</span> <span class='ocrx_word' id='word_1_617' title='bbox 935 2932 1018 2967; x_wconf 60' lang='lat' dir='ltr'>quae</span> <span class='ocrx_word' id='word_1_618' title='bbox 1061 2931 1185 2954; x_wconf 88' lang='lat' dir='ltr'>amare</span> <span class='ocrx_word' id='word_1_619' title='bbox 1225 2932 1262 2953; x_wconf 83' lang='lat' dir='ltr'>sc</span> 
     </span>
     <span class='ocr_line' id='line_1_83' title="bbox 273 2976 1261 3027; baseline -0.004 -12"><span class='ocrx_word' id='word_1_620' title='bbox 273 2981 396 3015; x_wconf 78' lang='lat' dir='ltr'>sentit.</span> <span class='ocrx_word' id='word_1_621' title='bbox 431 2979 599 3026; x_wconf 85' lang='lat' dir='ltr'>Denique</span> <span class='ocrx_word' id='word_1_622' title='bbox 630 2992 703 3014; x_wconf 86' lang='lat' dir='ltr'>non</span> <span class='ocrx_word' id='word_1_623' title='bbox 737 2979 914 3027; x_wconf 61' lang='lat' dir='ltr'>respectis</span> <span class='ocrx_word' id='word_1_624' title='bbox 946 2978 1025 3013; x_wconf 84' lang='lat' dir='ltr'>aliis</span> <span class='ocrx_word' id='word_1_625' title='bbox 1062 2976 1261 3025; x_wconf 80' lang='lat' dir='ltr'>majestatis</span> 
     </span>
     <span class='ocr_line' id='line_1_84' title="bbox 274 3036 1266 3086; baseline -0.005 -11"><span class='ocrx_word' id='word_1_626' title='bbox 274 3038 505 3081; x_wconf 80' lang='lat' dir='ltr'>nominibus,</span> <span class='ocrx_word' id='word_1_627' title='bbox 537 3038 656 3072; x_wconf 77' lang='lat' dir='ltr'>solnm</span> <span class='ocrx_word' id='word_1_628' title='bbox 686 3051 820 3086; x_wconf 76' lang='lat' dir='ltr'>sponsa</span> <span class='ocrx_word' id='word_1_629' title='bbox 851 3036 1024 3072; x_wconf 80' lang='lat' dir='ltr'>dilectum</span> <span class='ocrx_word' id='word_1_630' title='bbox 1058 3044 1266 3081; x_wconf 83' lang='lat' dir='ltr'>memorat,</span> 
     </span>
     <span class='ocr_line' id='line_1_85' title="bbox 275 3095 1209 3147; baseline -0.004 -14"><span class='ocrx_word' id='word_1_631' title='bbox 275 3113 358 3147; x_wconf 73' lang='lat' dir='ltr'>qua·</span> <span class='ocrx_word' id='word_1_632' title='bbox 377 3097 613 3144; x_wconf 71' lang='lat' dir='ltr'>singulariter</span> <span class='ocrx_word' id='word_1_633' title='bbox 635 3097 734 3131; x_wconf 78' lang='lat' dir='ltr'>intus</span> <span class='ocrx_word' id='word_1_634' title='bbox 757 3097 889 3131; x_wconf 85' lang='lat' dir='ltr'>tolerat.</span> <span class='ocrx_word' id='word_1_635' title='bbox 910 3104 1040 3131; x_wconf 65' lang='lat' dir='ltr'>aestum</span> <span class='ocrx_word' id='word_1_636' title='bbox 1061 3095 1209 3130; x_wconf 81' lang='lat' dir='ltr'>amoris.</span> 
     </span>
    </p>

    <p class='ocr_par' dir='ltr' id='par_1_16' title="bbox 327 3154 1265 3202">
     <span class='ocr_line' id='line_1_86' title="bbox 327 3154 1265 3202; baseline 0.001 -14"><span class='ocrx_word' id='word_1_637' title='bbox 327 3160 362 3193; x_wconf 71' lang='grc'>8,</span> <span class='ocrx_word' id='word_1_638' title='bbox 386 3160 465 3192; x_wconf 77' lang='lat' dir='ltr'>Hoc</span> <span class='ocrx_word' id='word_1_639' title='bbox 485 3164 608 3190; x_wconf 86' lang='lat' dir='ltr'>autem</span> <span class='ocrx_word' id='word_1_640' title='bbox 632 3154 898 3190; x_wconf 87' lang='lat' dir='ltr'>attendendum</span> <span class='ocrx_word' id='word_1_641' title='bbox 919 3168 1027 3202; x_wconf 83' lang='lat' dir='ltr'>quam</span> <span class='ocrx_word' id='word_1_642' title='bbox 1052 3155 1265 3202; x_wconf 85' lang='lat' dir='ltr'>frequenter</span> 
     </span>
    </p>
   </div>
   <div class='ocr_carea' id='block_1_15' title="bbox 718 3281 961 3312">
    <p class='ocr_par' dir='ltr' id='par_1_17' title="bbox 718 3281 961 3312">
     <span class='ocr_line' id='line_1_87' title="bbox 718 3281 961 3312; baseline 0 -3"><span class='ocrx_word' id='word_1_643' title='bbox 718 3284 754 3309; x_wconf 86' lang='lat' dir='ltr'>‘l</span> <span class='ocrx_word' id='word_1_644' title='bbox 788 3281 857 3309; x_wconf 68' lang='lat' dir='ltr'>lim⁴</span> <span class='ocrx_word' id='word_1_645' title='bbox 878 3292 906 3312; x_wconf 85' lang='grc' dir='ltr'>ι,</span> <span class='ocrx_word' id='word_1_646' title='bbox 933 3284 961 3309; x_wconf 67' lang='grc' dir='ltr'>[ι.</span> 
     </span>
    </p>
   </div>
   <div class='ocr_carea' id='block_1_16' title="bbox 765 3331 1047 3363">
    <p class='ocr_par' dir='ltr' id='par_1_18' title="bbox 765 3331 1047 3363">
     <span class='ocr_line' id='line_1_88' title="bbox 765 3331 1047 3363; baseline 0 -2"><span class='ocrx_word' id='word_1_647' title='bbox 765 3335 777 3351; x_wconf 67' lang='grc'><strong><em>”</em></strong></span> <span class='ocrx_word' id='word_1_648' title='bbox 796 3331 902 3362; x_wconf 63' lang='lat' dir='ltr'>lito-eh.</span> <span class='ocrx_word' id='word_1_649' title='bbox 923 3343 971 3363; x_wconf 76' lang='lat'>¹¹.</span> <span class='ocrx_word' id='word_1_650' title='bbox 1000 3337 1047 3361; x_wconf 68' lang='lat' dir='ltr'>l&#39;J.</span> 
     </span>
    </p>
   </div>
   <div class='ocr_carea' id='block_1_17' title="bbox 278 3287 687 3365">
    <p class='ocr_par' dir='ltr' id='par_1_19' title="bbox 278 3287 687 3365">
     <span class='ocr_line' id='line_1_89' title="bbox 323 3287 683 3313; baseline 0 -3"><span class='ocrx_word' id='word_1_651' title='bbox 323 3287 438 3313; x_wconf 67' lang='lat' dir='ltr'>vRom.</span> <span class='ocrx_word' id='word_1_652' title='bbox 466 3293 542 3313; x_wconf 60' lang='lat' dir='ltr'>uu.</span> <span class='ocrx_word' id='word_1_653' title='bbox 578 3287 625 3310; x_wconf 73' lang='grc'>1),</span> <span class='ocrx_word' id='word_1_654' title='bbox 653 3300 683 3301; x_wconf 32' lang='lat'>⁷*</span> 
     </span>
     <span class='ocr_line' id='line_1_90' title="bbox 278 3335 687 3365; baseline -0.01 -1"><span class='ocrx_word' id='word_1_655' title='bbox 278 3341 324 3364; x_wconf 28' lang='lat' dir='ltr'>ll*</span> <span class='ocrx_word' id='word_1_656' title='bbox 414 3335 687 3365; x_wconf 76' lang='lat' dir='ltr'>&#39;l(‹=r.tt,li.</span> 
     </span>
    </p>
   </div>
   <div class='ocr_carea' id='block_1_18' title="bbox 1018 3280 1408 3318">
    <p class='ocr_par' dir='ltr' id='par_1_20' title="bbox 1018 3280 1408 3318">
     <span class='ocr_line' id='line_1_91' title="bbox 1018 3280 1408 3318; baseline 0.005 -9"><span class='ocrx_word' id='word_1_657' title='bbox 1018 3300 1023 3301; x_wconf 36' lang='grc' dir='ltr'><em>ν</em></span> <span class='ocrx_word' id='word_1_658' title='bbox 1051 3280 1191 3311; x_wconf 58' lang='lat' dir='ltr'>‘itanu-2</span> <span class='ocrx_word' id='word_1_659' title='bbox 1218 3292 1247 3318; x_wconf 72' lang='lat' dir='ltr'>v,</span> <span class='ocrx_word' id='word_1_660' title='bbox 1273 3286 1328 3314; x_wconf 75' lang='lat' dir='ltr'>io.</span> <span class='ocrx_word' id='word_1_661' title='bbox 1361 3287 1408 3312; x_wconf 69' lang='lat' dir='ltr'>lo.</span> 
     </span>
    </p>
   </div>
   <div class='ocr_carea' id='block_1_19' title="bbox 1332 2680 2317 2787">
    <p class='ocr_par' dir='ltr' id='par_1_21' title="bbox 1332 2680 2317 2787">
     <span class='ocr_line' id='line_1_92' title="bbox 1333 2680 2315 2728; baseline 0.003 -14"><span class='ocrx_word' id='word_1_662' title='bbox 1333 2680 1498 2715; x_wconf 87' lang='lat' dir='ltr'>intimam</span> <span class='ocrx_word' id='word_1_663' title='bbox 1537 2680 1736 2728; x_wconf 81' lang='lat' dir='ltr'>‹ptamdam</span> <span class='ocrx_word' id='word_1_664' title='bbox 1776 2689 1811 2716; x_wconf 88' lang='lat' dir='ltr'>et</span> <span class='ocrx_word' id='word_1_665' title='bbox 1846 2680 2006 2716; x_wconf 70' lang='lat' dir='ltr'>vividam</span> <span class='ocrx_word' id='word_1_666' title='bbox 2043 2690 2079 2717; x_wconf 91' lang='lat' dir='ltr'>et</span> <span class='ocrx_word' id='word_1_667' title='bbox 2115 2681 2315 2718; x_wconf 86' lang='lat' dir='ltr'>animatam</span> 
     </span>
     <span class='ocr_line' id='line_1_93' title="bbox 1332 2739 2317 2787; baseline 0.002 -14"><span class='ocrx_word' id='word_1_668' title='bbox 1332 2739 1566 2774; x_wconf 87' lang='lat' dir='ltr'>alfeetionem</span> <span class='ocrx_word' id='word_1_669' title='bbox 1595 2752 1681 2787; x_wconf 80' lang='lat' dir='ltr'>erga</span> <span class='ocrx_word' id='word_1_670' title='bbox 1711 2739 1887 2775; x_wconf 84' lang='lat' dir='ltr'>dilectum</span> <span class='ocrx_word' id='word_1_671' title='bbox 1918 2752 2025 2775; x_wconf 89' lang='lat' dir='ltr'>snum</span> <span class='ocrx_word' id='word_1_672' title='bbox 2051 2743 2177 2776; x_wconf 70' lang='lat' dir='ltr'>,lesum</span> <span class='ocrx_word' id='word_1_673' title='bbox 2210 2739 2317 2776; x_wconf 85' lang='lat' dir='ltr'>Chri-</span> 
     </span>
    </p>
   </div>
   <div class='ocr_carea' id='block_1_20' title="bbox 1331 2798 2316 2894">
    <p class='ocr_par' dir='ltr' id='par_1_22' title="bbox 1331 2798 2316 2894">
     <span class='ocr_line' id='line_1_94' title="bbox 1331 2798 2316 2848; baseline 0.002 -15"><span class='ocrx_word' id='word_1_674' title='bbox 1331 2806 1427 2834; x_wconf 81' lang='lat' dir='ltr'>stum</span> <span class='ocrx_word' id='word_1_675' title='bbox 1456 2798 1681 2842; x_wconf 85' lang='lat' dir='ltr'>Dominum,</span> <span class='ocrx_word' id='word_1_676' title='bbox 1704 2799 1766 2846; x_wconf 92' lang='lat' dir='ltr'>qui</span> <span class='ocrx_word' id='word_1_677' title='bbox 1788 2799 1881 2835; x_wconf 74' lang='lat' dir='ltr'>vivit</span> <span class='ocrx_word' id='word_1_678' title='bbox 1907 2807 1943 2835; x_wconf 84' lang='lat' dir='ltr'>et</span> <span class='ocrx_word' id='word_1_679' title='bbox 1974 2807 2103 2848; x_wconf 80' lang='lat' dir='ltr'>regnat</span> <span class='ocrx_word' id='word_1_680' title='bbox 2127 2799 2163 2835; x_wconf 89' lang='lat' dir='ltr'>in</span> <span class='ocrx_word' id='word_1_681' title='bbox 2185 2800 2316 2836; x_wconf 77' lang='lat' dir='ltr'>saecula</span> 
     </span>
     <span class='ocr_line' id='line_1_95' title="bbox 1333 2857 1717 2894; baseline -0.003 -1"><span class='ocrx_word' id='word_1_682' title='bbox 1333 2857 1568 2893; x_wconf 80' lang='lat' dir='ltr'>saeculorum.</span> <span class='ocrx_word' id='word_1_683' title='bbox 1589 2862 1717 2894; x_wconf 78' lang='lat' dir='ltr'>Amen.</span> 
     </span>
    </p>
   </div>
   <div class='ocr_carea' id='block_1_21' title="bbox 1489 3281 2316 3318">
    <p class='ocr_par' dir='ltr' id='par_1_23' title="bbox 1489 3281 2316 3318">
     <span class='ocr_line' id='line_1_96' title="bbox 1489 3281 2316 3318; baseline 0.001 -8"><span class='ocrx_word' id='word_1_684' title='bbox 1489 3283 1683 3315; x_wconf 60' lang='grc' dir='ltr'>41(.ωι·,κι,</span> <span class='ocrx_word' id='word_1_685' title='bbox 1707 3282 1816 3310; x_wconf 53' lang='grc' dir='ltr'>ιτ..ἁ</span> <span class='ocrx_word' id='word_1_686' title='bbox 1844 3284 1855 3300; x_wconf 71' lang='lat'>²⁹</span> <span class='ocrx_word' id='word_1_687' title='bbox 1871 3284 1988 3311; x_wconf 58' lang='lat' dir='ltr'>(janue.</span> <span class='ocrx_word' id='word_1_688' title='bbox 2007 3293 2036 3318; x_wconf 70' lang='lat' dir='ltr'>v,</span> <span class='ocrx_word' id='word_1_689' title='bbox 2056 3286 2085 3311; x_wconf 77' lang='grc' dir='ltr'>ὓ.</span> <span class='ocrx_word' id='word_1_690' title='bbox 2102 3300 2130 3302; x_wconf 75' lang='lat'>—-</span> <span class='ocrx_word' id='word_1_691' title='bbox 2158 3286 2171 3300; x_wconf 83' lang='lat'>‘&#39;</span> <span class='ocrx_word' id='word_1_692' title='bbox 2190 3281 2234 3311; x_wconf 87' lang='lat' dir='ltr'>l‹l.</span> <span class='ocrx_word' id='word_1_693' title='bbox 2263 3294 2316 3317; x_wconf 63' lang='lat'>11,</span> 
     </span>
    </p>
   </div>
  </div>
 </body>
</html>
