2504 3928
356 187 422 222 1137

351 264 535 305 imitans,
559 275 632 296 11011
652 261 738 295 alias
759 273 777 294 a
805 259 913 295 uobis
935 259 1142 302 inmittitur,
1163 261 1230 296 uisi
1251 274 1335 296 eum

1139 186 1428 220 otlatzsshttt't
1458 185 1654 219 :intutis

2323 187 2390 220 1158

1410 268 1445 294 et
1467 259 1559 295 sacri
1582 258 1686 293 verbi
1712 271 1843 294 arcana
1866 261 1879 293 Ρ
1898 263 1977 295 LNon
2007 268 2127 308 potest
2151 262 2314 296 cruentis
2335 269 2392 297 at-

351 323 449 358 illam
473 321 695 356 meditamur
713 319 813 353 11101
837 319 965 353 vitales
992 332 1095 367 pura:
1118 320 1251 355 mentis
1274 320 1336 356 de-
1358 326 1385 357 Α
1409 318 1497 364 [ins-'i
1516 316 1711 359 (lentibus,
1735 317 1799 353 scd
1821 317 1905 353 lotis
1921 326 1957 352 vt
1977 317 2164 363 candidiS,
2189 319 2277 368 quia
2300 332 2392 355 can-

351 382 473 424 lieias,
496 389 528 414 et
561 378 834 414 imlelieieutem
869 378 1121 414 resectionem.
1156 380 1222 415 Hie
1249 392 1338 428 ergo

352 447 528 489 purgatos
544 446 578 473 et
596 437 819 472 exercitatos
844 437 957 472 animi
974 450 1103 472 seusus
1123 436 1337 483 babeamus,

351 513 425 535 11011
458 498 532 545 jam
564 497 607 532 ad
639 496 901 531 discretionem
934 496 1021 532 boni
1059 505 1095 532 ct
1126 497 1234 539 mali,
1275 497 1338 533 sed

352 567 494 594 tautum
517 557 560 591 ad
590 555 867 605 perceptionem
895 555 985 591 tanti
1008 555 1108 591 boui.
1134 556 1339 592 Actitemus

350 617 408 653 liie
437 615 570 652 erebro
593 615 695 663 quod
721 614 769 650 ibi
796 616 973 650 continue
1001 628 1152 662 agentius
1169 631 1175 650 :
1194 628 1338 664 prmoc-

350 688 530 725 eupemus
563 675 796 723 frequenter,
832 674 866 709 111
897 687 973 722 (1110
999 673 1253 709 indesinenter
1275 688 1339 710 oe-

349 734 510 784 cupaudi
535 734 684 769 erimus.
711 737 903 769 Summum
938 732 1045 768 uobis
1068 733 1125 769 bic
1148 734 1338 780 negotium

350 796 412 838 sit,
431 793 534 843 quod
555 794 674 829 solum
701 792 750 828 ibi
775 793 858 828 erit.
885 792 1161 840 Contemplatio
1179 806 1340 840 namque

351 853 542 903 sapientia·
561 881 570 893 ,
601 860 739 887 aeterna
770 852 920 887 rell-etio
954 859 1020 887 est.
1060 851 1154 886 Mbil
1184 851 1340 888 omnino

349 912 605 964 spiritualibus
634 912 764 948 anima·
792 911 968 947 dentibus
1002 911 1145 947 duleius
1176 912 1341 948 munina-

351 982 430 1017 tur,
455 985 567 1021 quam
591 971 651 1006 ille
674 970 780 1007 Panis
802 970 931 1014 vivus,
952 969 1014 1017 qui
1039 970 1136 1006 Patri
1152 970 1227 1005 ait:
1251 973 1342 1005 Haec

1404 377 1474 412 dor
1495 385 1550 412 est
1570 376 1647 425 ipsa
1668 375 1759 411 lucis
1775 384 1944 420 ενα-111313,
1967 385 2003 412 et
2021 377 2135 425 ipsius
2155 378 2283 426 sponsi
2305 378 2394 415 den-

1406 445 1457 472 tes
1486 438 1575 472 lactc
1597 435 1832 471 candidiores
1858 435 2048 472 dicuntur.
2081 440 2282 485 Propterea
2301 438 2393 474 tales

1405 496 1441 531 in
1474 508 1609 544 sponsa
1638 494 1895 537 commendat,
1928 495 1991 543 qui
2019 495 2094 530 suis
2125 495 2197 531 sint
2229 496 2391 532 similes:

1406 558 1540 589 Dentes
1560 558 1610 589 tm⁴
1624 558 1719 588 sicut
1730 567 1825 600 grex
1839 555 2093 598 cl‹·tonsa1·mn‚
2113 568 2199 602 (μηδ’
2218 557 2392 590 ascende-

1406 622 1488 648 runt
1512 615 1558 648 dr·
1588 615 1746 648 lavacro.
1767 615 1850 647 Non
1875 612 1987 647 modo
2011 613 2126 658 lotos,
2153 613 2217 649 sed
2238 621 2275 650 et
2299 613 2392 649 libe.-

1406 684 1466 706 ros
1491 678 1641 720 oportet
1663 670 1796 706 mentis
1823 683 1952 706 sensus
1974 669 2129 716 habere,
2159 671 2188 707 si
2207 672 2291 720 quis
2310 672 2394 708 illos

1405 729 1449 765 ad
1471 729 1587 765 divini
1611 729 1715 765 verbi
1737 729 1957 766 scrutinium
1981 739 2098 778 parat.

1458 789 1491 824 2.
1518 793 1654 824 Omnes
1671 791 1838 835 gemellis
1853 787 2010 835 flatibus,
2031 798 2065 824 et
2087 792 2222 825 sterilis
2243 803 2316 825 non
2339 799 2395 825 est

1407 852 1444 882 in
1475 852 1538 882 eis.
1572 847 1754 883 sterilitas
1781 855 1996 896 reputatur,
2020 848 2049 883 si
2077 848 2134 884 vel
2171 861 2247 884 uno
2277 849 2391 885 fueris

1408 907 1483 942 fetu
1522 915 1733 942 contentus.
1768 907 1804 943 Si
1838 907 1991 956 potuisti
2025 907 2069 942 ad
2103 916 2286 944 sacratum
2322 908 2393 944 ali-

1407 978 1518 1014 quem
1562 966 1598 1000 iu
1642 965 1842 1014 Scripturis
1882 965 2112 1001 intellectum
2156 966 2392 1015 pertingere,

349 1042 402 1068 ese
421 1037 501 1068 vim
518 1039 659 1065 (ets-rna
673 1057 683 1072 ,
707 1038 745 1064 ut
761 1038 979 1075 cognoscant
998 1037 1033 1063 te
1048 1041 1175 1064 verum
1197 1031 1312 1064 Deum
1330 1057 1340 1072 ‚
1360 1031 1386 1064 B
1407 1037 1522 1061 unum
1543 1023 1619 1072 jam
1639 1024 1816 1073 peperisti
1839 1025 1966 1060 fetum.
1987 1027 2115 1061 Bonus
2141 1026 2332 1074 profectus
2356 1034 2394 1062 et

347 1102 382 1127 et
416 1104 523 1139 quem
559 1093 688 1124 misisti
722 1091 845 1124 lesum
883 1089 1064 1123 Christum
1086 1093 1116 1132 ¹;
1152 1087 1216 1136 qui
1249 1088 1342 1124 vivit

346 1159 382 1186 et
413 1157 541 1199 regnat
567 1151 667 1184 Deus
695 1160 763 1197 per
780 1147 906 1183 omnia
934 1146 1069 1182 saecula
1101 1146 1336 1182 saeculorum.

348 1215 480 1248 Amen.

347 1340 1341 1356 ======================================================================

586 1467 837 1523 SERMO
882 1467 1095 1522 XXIV.

353 1611 464 1639 Omnes
485 1605 756 1649 gemellisselilms
768 1629 776 1641 ,
805 1613 835 1635 e!
850 1605 965 1636 sterilis
982 1617 1045 1636 non
1065 1612 1109 1635 es!
1128 1606 1159 1635 in
1183 1606 1235 1636 eis.
1254 1606 1340 1635 Sicut

381 1663 460 1691 *eiua
480 1660 625 1691 coccinea
644 1658 728 1689 labia
749 1666 812 1689 tua.
829 1659 949 1691 Cautio.
965 1669 1032 1700 cap.
1049 1670 1095 1696 iv,
1115 1656 1183 1694 λᾷ.
1206 1662 1223 1688 2
1240 1682 1247 1695 ‚
1271 1662 1301 1689 3.

730 1792 734 1793 ⁷
741 1786 938 1800 *⁹00*-

408 1910 437 1944 1.
454 1906 620 1944 Audistis
635 1904 862 1954 praecedenti
874 1904 1158 1941 commendatos
1167 1917 1340 1941 sermone

351 1978 496 2015 sponsae
520 1964 664 1998 dentes.
684 1967 773 1997 Jurc
789 1962 964 2009 quidem:
987 1963 1088 2010 quod
1110 1976 1186 1998 nou
1207 1964 1340 2012 exigua

353 2025 398 2060 sit
428 2020 719 2072 pulchritudinis
751 2021 846 2054 ratio
881 2019 917 2054 iu
944 2020 1121 2056 dentibus
1146 2022 1286 2068 posita,
1311 2023 1340 2059 si

352 2081 501 2120 candidi
521 2081 612 2124 sint,
637 2079 665 2114 si
691 2079 885 2126 aequaliter
904 2079 1080 2114 conserti.
1099 2082 1174 2114 Nec
1198 2086 1342 2114 tantum

353 2139 538 2190 aptitudO,
557 2137 621 2173 sed
638 2145 674 2172 et
692 2137 830 2172 utilitas
847 2137 883 2171 in
901 2135 1077 2172 dentibus
1095 2137 1225 2185 place't.
1242 2136 1340 2183 Quid

353 2200 453 2236 enim
469 2199 484 2232 ?
499 2201 664 2233 joannes
689 2195 726 2230 111
744 2195 971 2243 Apocalypsi
994 2195 1220 2239 involutum,
1238 2195 1339 2243 quod

353 2257 422 2294 sibi
445 2255 491 2292 ab
511 2254 644 2302 angelo
670 2256 885 2302 porrectum
907 2261 976 2297 est,
998 2253 1191 2302 quomodo
1212 2267 1341 2289 eome-

353 2317 458 2353 deret
491 2315 694 2349 volumcn⁷
718 2313 797 2347 sine
831 2312 976 2349 idoneis
1006 2312 1053 2348 ad
1075 2313 1182 2348 talem
1215 2312 1340 2348 cibum

354 2374 530 2412 dentibus
545 2375 559 2408 Ρ
574 2377 698 2409 Durus
718 2371 918 2408 videbatur
937 2372 1042 2408 cibus
1059 2371 1152 2408 liber
1167 2372 1310 2419 integer
1332 2386 1339 2407 :

354 2445 390 2473 et
417 2435 500 2470 ideo
522 2431 697 2468 dentibus
721 2444 817 2479 opus
836 2439 932 2476 erat,
958 2431 1021 2479 qui
1050 2431 1154 2467 illum
1184 2432 1342 2466 commi-

355 2500 515 2530 nuerent
551 2491 762 2537 integrum,
797 2497 833 2524 ct
866 2490 1079 2525 emollirent
1110 2489 1270 2532 durum,
1304 2496 1344 2524 ut

1407 1084 1558 1132 ingens,
1575 1083 1639 1120 sed
1664 1084 1894 1119 insufficiens
1920 1090 2064 1119 sacrato
2083 1084 2226 1129 sensui,
2247 1084 2277 1120 si
2297 1084 2393 1120 asse-

1406 1151 1487 1179 ctus
1517 1156 1591 1179 non
1623 1141 1860 1191 respondeat.
1882 1142 2026 1179 Sterilis
2045 1151 2100 1179 est
2125 1143 2391 1192 intelligentia,

1404 1215 1517 1250 quam
1544 1215 1619 1238 non
1640 1215 1766 1238 coaeva
1791 1209 1828 1237 et
1852 1215 2030 1249 germana
2055 1202 2258 1238 comitatur
2277 1202 2394 1238 devo-

1406 1261 1468 1296 tio.
1501 1260 1650 1309 Ubique
1677 1259 1740 1295 tibi
1769 1259 1805 1295 in
1827 1259 2030 1308 Scripturis
2066 1261 2255 1309 spargitur
2288 1261 2392 1309 quasi

1405 1332 1531 1355 semen
1561 1318 1774 1367 quoddam,
1798 1318 1898 1353 unde
1924 1318 2124 1365 gemellum
2146 1318 2246 1355 hunc
2274 1319 2392 1368 possis

1407 1379 1521 1414 fetum
1549 1377 1760 1426 concipere.
1781 1380 1864 1413 Non
1887 1384 2029 1412 tantum
2050 1376 2220 1423 subtilia,
2235 1377 2299 1414 sed
2313 1390 2395 1413 sua-

1406 1437 1465 1472 via
1484 1435 1536 1472 ibi
1555 1444 1640 1472 sunt
1662 1435 1800 1472 omnia.
1825 1438 1870 1471 Et
1895 1443 2126 1484 praeceptum
2157 1436 2309 1473 Domini
2329 1436 2393 1472 lu·-

1407 1495 1531 1532 cidum
1550 1503 1627 1540 est,
1651 1502 1687 1531 et
1703 1494 1861 1543 ignitum
1880 1494 2087 1541 eloquium.
2120 1493 2252 1531 Sterile
2274 1502 2330 1530 est
2355 1494 2393 1530 in

1408 1564 1441 1591 te
1459 1553 1614 1590 verbum
1635 1553 1722 1598 Dei,
1739 1565 1786 1588 ex
1806 1565 1879 1600 qua
1896 1561 2003 1602 parte
2022 1553 2158 1588 borum
2173 1552 2394 1588 alterutrum

1409 1626 1484 1650 non
1512 1621 1703 1662 operatur.
1732 1611 1768 1647 Si
1791 1622 1860 1660 per
1879 1611 2163 1659 intelligentiam
2183 1610 2308 1655 vides,
2330 1610 2395 1647 sed

1403 1672 1526 1722 gelido
1554 1671 1676 1708 adbuc
1708 1671 1804 1719 riges
1837 1670 1995 1715 al't'ectu3
2026 1682 2154 1706 nonne
2182 1670 2318 1706 sterilis
2357 1679 2395 1707 et

1404 1732 1574 1768 inefficax
1590 1738 1786 1780 reputatur
1801 1729 1839 1765 in
1861 1737 1895 1765 te
1916 1728 2022 1764 verbi
2039 1729 2108 1765 Dei
2129 1729 2246 1765 virtus
2266 1728 2397 1777 ignea?

1360 1791 1577 1839 CDenique
1613 1790 1680 1825 etsi
1709 1789 1755 1825 ad
1786 1789 1908 1837 ignem
1939 1796 2082 1837 spectat
2115 1787 2393 1832 utilluminet,

1406 1850 1525 1885 multo
1558 1849 1717 1898 amplius
1746 1856 1787 1884 ut
1816 1847 2026 1883 succendat.
2064 1846 2239 1890 Verbum,
2273 1846 2396 1895 inquit

1404 1908 1589 1945 Dominus
1601 1936 1610 1952 ,
1630 1909 1731 1954 quod
1748 1908 1955 1954 egredietur
1970 1908 2016 1941 de
2037 1919 2100 1941 ore
2124 1919 2204 1941 meo
2214 1933 2225 1949 ‚
2244 1919 2317 1941 non
2336 1920 2395 1941 re-

1405 1976 1558 2003 vertetur
1575 1969 1627 2002 (ul
1642 1980 1698 2001 me
1709 1979 1868 2002 vacuum
1878 1994 1889 2010 ,
1910 1964 2102 2010 scelsucit’t
2115 1973 2150 2000 et
2158 1964 2396 2012 prosperabi-

1408 2035 1466 2061 tur
1479 2030 1516 2061 ite
1532 2027 1587 2060 his
1608 2027 1662 2060 ml
1673 2039 1759 2072 quae
1775 2029 1859 2059 misi
1877 2024 2005 2059 illud&
2021 2023 2079 2060 Ad
2096 2025 2202 2072 quae?
2218 2022 2341 2060 Habes
2358 2023 2395 2060 iu

1410 2085 1612 2130 Evangelio
1627 2099 1635 2117 z
1651 2086 1778 2128 Ignem
1792 2088 1880 2118 veni
1890 2087 2030 2117 mittere
2041 2084 2082 2115 in»
2095 2091 2250 2126 terram,
2262 2090 2297 2116 et
2308 2084 2401 2129 quid

1409 2144 1492 2177 volo
1521 2143 1593 2176 m'si
1619 2150 1658 2175 nt
1681 2139 1976 2175 .s·11c(·e71(lamr⁵?
2002 2143 2134 2177 Semen
2158 2147 2215 2176 est
2237 2139 2394 2176 verbum

1405 2200 1495 2244 Dei,
1524 2208 1561 2235 et
1583 2199 1619 2235 in
1640 2212 1706 2244 eo,
1735 2199 1830 2234 sicut
1857 2198 1956 2248 apud
1979 2197 2051 2234 Job
2073 2198 2181 2246 legis,
2201 2207 2235 2233 et
2256 2201 2340 2242 luz,
2363 2208 2399 2234 ee

1407 2267 1516 2293 cestus
1525 2262 1713 2305 spargitur
1722 2267 1977 2304 superterram
1987 2255 2014 2291 ὅ.
2026 2256 2095 2292 Sed
2108 2257 2232 2293 nescio
2243 2270 2318 2306 quo
2335 2270 2398 2306 pa-

1407 2325 1468 2353 cto
1483 2317 1545 2352 lux
1561 2317 1722 2364 amplius
1734 2316 1979 2364 germinavit,
1993 2324 2029 2352 et
2049 2315 2262 2352 dilexerunt
2278 2317 2396 2353 homi—

1408 2388 1473 2412 nes
1491 2375 1606 2423 magis
1618 2376 1737 2411 lucem
1749 2403 1758 2419 ,
1778 2388 1889 2423 quam
1904 2375 2088 2411 servorem
2105 2389 2111 2410 :
2129 2375 2195 2412 nisi
2208 2375 2309 2424 quod
2324 2376 2396 2425 ipsi

1408 2434 1524 2482 magis
1542 2434 1611 2470 sibi
1628 2434 1674 2470 de
1694 2434 1776 2469 luce
1797 2434 1990 2482 placeant,
2014 2434 2077 2483 qui
2096 2433 2132 2470 id
2152 2434 2273 2483 ipsum
2293 2434 2396 2484 quod

1409 2494 1508 2529 lucet
1530 2505 1605 2527 non
1637 2492 1928 2540 amplectuntur.
1960 2498 2016 2529 An
2048 2506 2123 2528 non
2152 2492 2218 2529 tibi
2246 2493 2397 2530 videtur

354 2552 472 2589 levius
501 2548 673 2597 deglutiri
703 2556 842 2596 posset·
879 2551 924 2583 Et
956 2547 1079 2583 bonus
1108 2548 1218 2596 plano
1247 2547 1339 2582 (10115
1359 2550 1390 2583 D
1409 2550 1615 2600 perdidisse
1648 2559 1710 2585 aut
1742 2550 1960 2586 dedidicisse
1992 2559 2163 2587 naturam
2194 2551 2290 2601 ignis
2319 2564 2396 2588 non

352 2607 597 2657 intelligentia
617 2607 830 2650 exercitata,
850 2606 1094 2654 intelligentia
1114 2605 1316 2654 spiritualis
1330 2633 1340 2649 ‚

354 2681 438 2718 quae
466 2665 592 2703 omnia
625 2663 826 2712 dijudicat,
857 2665 982 2700 onmia
1013 2664 1183 2709 discutit,
1216 2664 1341 2700 onmia

357 2727 521 2765 ruminat
538 2733 573 2760 ct
597 2731 798 2767 scrutatur,
819 2724 927 2759 etiam
947 2723 1137 2773 profunda
1152 2723 1220 2759 Dei
1237 2736 1341 2771 :quae

357 2789 467 2824 etiam
488 2786 604 2834 ipsam
624 2783 783 2818 involuti
807 2783 890 2819 libri
913 2783 1110 2818 medullam
1129 2781 1290 2826 mandit,
1308 2790 1345 2817 et

359 2848 488 2884 intima
511 2843 702 2892 sapientia}
722 2842 883 2878 comedit
906 2843 1060 2878 viscera.
1084 2845 1231 2885 Stulta&
1252 2843 1344 2878 sicut

357 2906 537 2954 scriptum
559 2911 614 2938 cst
627 2931 636 2947 ,
655 2905 854 2949 complisat
869 2915 1000 2936 mamm·
1015 2915 1114 2946 suas,
1137 2911 1174 2936 et
1191 2903 1345 2936 cmmwle't

355 2971 496 3002 viscera
516 2960 618 2998 sua3.
637 2960 752 2997 (libus
767 2961 833 2996 istc
849 2969 1026 2997 cruentus
1040 2989 1048 3005 ,
1067 2959 1170 2996 cibus
1186 2961 1343 2996 earnalis

353 3033 432 3068 est3
453 3021 560 3058 cibus
587 3019 650 3068 qui
676 3019 793 3066 perit,
826 3019 900 3054 imo
931 3020 993 3067 qui
1024 3019 1188 3067 perimit.
1223 3022 1342 3065 Quam

351 3083 497 3120 dulcius
513 3089 550 3116 ct
568 3079 696 3115 utilius
713 3078 854 3114 viscera
868 3079 1058 3127 sapientise
1076 3078 1341 3123 comeduntur,

1408 2609 1638 2646 succendens
1656 2610 1777 2646 ?Cum
1799 2609 1905 2646 audis
1922 2610 2084 2658 aliquem
2105 2610 2210 2658 quasi
2226 2611 2396 2659 glorian-

1408 2677 1480 2704 tem
1507 2677 1542 2703 ct
1564 2668 1770 2713 dicentem,
1790 2671 1873 2704 Non
1901 2682 1959 2705 me
1977 2669 2037 2705 ille
2060 2669 2263 2718 Scripturae
2283 2682 2396 2706 sacrae

1407 2740 1530 2763 sermo
1547 2727 1726 2762 sedilieat:
1749 2727 1839 2775 quid
1868 2727 1968 2763 aliud
1989 2727 2139 2764 videtur
2156 2727 2222 2764 tibi
2246 2728 2371 2765 dicere
2384 2757 2394 2772 ‚

1408 2799 1539 2834 (piam,
1567 2785 1728 2821 Perdidit
1755 2786 1791 2821 in
1815 2798 1873 2822 me
1893 2787 2096 2822 eslicaciam
2118 2785 2279 2822 verbnm
2300 2787 2397 2835 igni-

1410 2853 1512 2888 tum3
1542 2858 1616 2879 non
1639 2857 1697 2879 me
1723 2845 1933 2889 succendit,
1956 2859 2032 2881 non
2060 2845 2286 2888 inflammat,
2319 2858 2395 2882 non

1409 2910 1555 2938 exercet
1573 2902 1608 2938 in
1627 2916 1684 2938 me
1701 2903 1774 2937 vim
1796 2903 1994 2950 genitalem
2007 2905 2022 2939 Ξ)
2035 2903 2274 2940 Stcrilitatem
2291 2916 2394 2940 suam

1408 2961 1567 3010 imputat
1587 2960 1722 3006 verbo,
1739 2961 1861 3009 quod,
1881 2971 2062 3010 quantum
2092 2962 2128 2998 in
2155 2975 2194 2998 se
2210 2970 2286 3008 est,
2312 2975 2395 2999 cre-

1408 3020 1474 3055 scit
1504 3028 1541 3055 et
1571 3021 1780 3055 fructificat.
1814 3024 1934 3066 Quam
1961 3021 2144 3069 gloriosa,
2175 3021 2393 3069 frater‚ja—

1407 3079 1561 3123 mantia,
1591 3079 1694 3126 quod
1725 3092 1801 3114 non
1833 3087 1866 3115 tc
1893 3092 2015 3115 sermo
2037 3079 2185 3115 divinus
2211 3079 2391 3124 aedificat,

399 3221 407 3235 '
438 3217 528 3245 Junn.
561 3222 644 3245 xvii,
669 3213 700 3239 3.
733 3229 770 3231 —
805 3215 816 3230 ²
848 3213 941 3251 Apor.
972 3222 1004 3244 x,
1036 3214 1078 3244 9,
1113 3214 1163 3240 10.
1193 3228 1236 3233 ——
1266 3210 1278 3231 3
1307 3211 1405 3240 Feele.
1434 3223 1476 3244 iv,
1514 3215 1542 3241 ἰ).
1568 3230 1608 3233 ——
1641 3211 1653 3235 Ᾰὅ
1684 3211 1752 3241 lsai.
1782 3222 1831 3247 ιν,
1870 3214 1930 3241 11.v
1950 3230 1990 3234 —
2030 3208 2043 3231 ⁵
2076 3213 2145 3241 Luc.
2174 3221 2235 3242 xii.
2262 3212 2316 3241 49.
2351 3228 2394 3233 —

347 3271 361 3286 '¹
381 3268 442 3298 Job
461 3275 603 3299 xxxviii,
625 3266 677 3294 22.
