2504 3928
360 208 450 245 1-'111

959 212 1120 246 Sitit-310
1149 212 1213 247 DE
1243 216 1277 249 S.
1311 213 1505 248 ANDREA
1538 213 1795 249 APOSTOLO.

352 298 490 320 versum
521 299 577 321 me
603 288 822 331 injustitiam
850 299 968 321 meam
1000 290 1159 322 Domino
1183 291 1335 331 ·.D1·.1,·1·‚
1354 287 1378 304 ⁷¹

2293 215 2390 252 1412

1390 286 1614 335 “quodcum
1635 291 1810 324 Creatore
1826 288 1937 324 etiam
1957 291 2102 325 Patrem
2125 289 2339 337 offenderis,
2359 300 2396 327 et

353 345 423 381 hoc
443 354 498 380 cst
512 373 520 385 ,
544 346 581 381 in
603 345 716 381 corde
741 346 943 394 proposui,
974 358 1049 381 nou
1067 354 1237 391 coactus,
1262 360 1338 382 non
1360 354 1386 385 Α
1410 347 1513 384 illum
1535 355 1693 396 patrem,
1711 348 1775 395 qui
1792 345 1856 382 tibi
1874 347 2060 384 ministrat
2073 347 2237 384 siderum
2253 362 2395 395 cursus,

358 405 573 452 compulsus
587 433 596 449 ,
616 403 679 439 scd
700 413 943 453 spontaneus.
962 406 1187 450 Itisustitinm
1208 419 1342 449 nicam,

358 462 407 497 ait
421 490 430 502 ,
461 475 536 497 non
577 463 734 498 alienam
750 491 758 506 ‚
796 462 995 499 adversum
1028 476 1086 499 me
1121 477 1280 512 arguens
1311 473 1347 500 et

359 533 547 557 accusans.
572 521 683 558 Vides
704 521 790 570 quia
816 534 891 557 non
924 522 1057 557 timore
1083 522 1255 567 alterius,
1289 523 1346 558 vel

360 579 405 614 ad
439 579 552 615 alium
584 580 859 625 accusandum,
892 580 957 616 scd
983 593 1020 616 se
1046 581 1168 629 ipsum
1199 592 1348 617 sanctus

358 639 523 674 Domino
545 641 758 676 confitetur.
781 644 853 676 Pro
875 638 1091 688 hujusmodi
1112 641 1347 677 confessione

362 702 521 733 remittes
552 708 590 734 tn
602 726 613 742 ,
649 701 829 743 Domitze,
853 703 1080 746 impietatem
1095 705 1243 747 peceati
1262 705 1346 736 mei.

360 758 434 791 Pro
453 756 521 790 lm(-
541 756 660 791 orabit
677 758 731 791 ad
754 765 788 792 te
815 762 934 792 omnis
960 766 1103 792 sanctus
1130 762 1166 792 ιή
1188 767 1349 806 tempore

358 824 576 861 opportuno.
608 819 694 852 llaec
712 817 875 865 primum
906 816 942 852 in
966 816 1080 852 corde
1099 817 1282 865 germinat
1301 817 1347 853 ad

359 873 539 920 justitiam
553 903 562 919 ‚
585 883 669 923 post
691 875 768 911 lucc
785 875 822 911 in
839 888 906 911 ore
926 875 1090 911 nascitur
1109 875 1155 911 ad
1176 876 1344 911 salutem.

409 934 444 968 (3.
470 933 615 970 Primus
642 933 723 982 ejus
743 933 880 982 gradus
906 942 984 979 est,
1008 934 1172 983 cognitio
1192 935 1347 984 peccati.

355 1007 369 1023 α
389 991 539 1027 Initium
557 993 685 1029 salutis
699 1021 708 1038 ,
737 1010 750 1024 »
769 993 819 1029 ait
839 993 990 1042 quidam
1005 1022 1014 1038 ,
1030 1010 1045 1025 «
1061 993 1192 1029 notitia
1213 1005 1347 1042 pecca-

356 1067 370 1081 »
391 1051 416 1086 ti
440 1056 463 1086 ².
487 1069 500 1083 υ
530 1055 572 1088 In
605 1052 672 1088 bac
696 1052 911 1102 cognitione
940 1052 1146 1088 videndum
1175 1060 1231 1088 cst
1256 1051 1346 1101 quid

358 1111 495 1157 egeris,
537 1111 688 1159 quantis
725 1111 964 1147 contumeliis
1000 1111 1169 1147 affeceris
1212 1124 1350 1159 corpus

359 1177 486 1215 tuum,
507 1169 703 1205 ambulans
721 1169 757 1205 in
779 1170 952 1218 passione
975 1169 1174 1214 desiderii,
1199 1170 1293 1206 sicut
1315 1178 1351 1206 ct

358 1236 486 1278 gentes
502 1242 586 1277 quae
603 1229 777 1277 ignorant
792 1232 909 1264 Deum
926 1257 934 1272 ,
954 1229 1149 1277 possidens
1163 1242 1227 1265 vas
1245 1237 1349 1265 tuum

356 1286 393 1321 in
413 1286 649 1322 immunditia
670 1294 707 1322 et
727 1287 887 1332 vilitate⁷
907 1299 984 1322 non
1001 1287 1039 1322 in
1058 1287 1350 1323 sanctificatione

357 1352 394 1380 et
420 1345 579 1381 honore.
600 1344 922 1381 Considerandum
947 1353 1003 1380 est
1025 1346 1136 1380 etiam
1156 1346 1247 1393 quid
1273 1358 1350 1381 me-

356 1403 500 1448 rueris;
531 1404 656 1452 ignem
690 1403 832 1439 scilicet
859 1403 986 1449 illum,
1019 1403 1085 1452 qui
1116 1412 1268 1452 paratus
1295 1411 1350 1439 est

356 1461 507 1499 diabolo
527 1471 564 1498 et
583 1462 724 1511 angelis
743 1461 843 1510 ejus,
865 1470 901 1497 et
923 1462 1049 1498 omnia
1067 1475 1203 1511 genera
1223 1475 1351 1511 poena-

357 1534 460 1566 rum,
484 1534 568 1570 quae
590 1522 630 1557 in
662 1522 734 1558 illis
762 1520 971 1571 poenalibus
992 1522 1085 1558 locis
1109 1523 1351 1558 cumulantur

357 1588 393 1617 et
416 1589 602 1617 crescunt.
619 1580 901 1630 Inspicicndum
927 1593 1017 1617 vero
1041 1581 1132 1629 quid
1155 1581 1345 1626 amiseris,

360 1639 459 1675 bona
488 1639 664 1676 videlicet
692 1640 753 1676 illa
784 1653 867 1689 quae
902 1641 1034 1676 oculus
1061 1653 1138 1676 non
1164 1640 1280 1685 vidit,
1313 1649 1349 1676 ct

357 1698 456 1733 auris
477 1710 554 1734 non
576 1698 738 1744 audivit,
757 1711 826 1734 nec
848 1699 886 1734 in
905 1712 970 1735 cor
992 1699 1157 1735 hominis
1174 1699 1350 1736 ascende-

359 1765 458 1801 runt,
474 1770 557 1805 quae
577 1758 804 1806 praeparavit
822 1762 924 1794 Deus
944 1757 1185 1807 diligentibus
1204 1771 1253 1795 se.

1413 405 1676 442 fecunditatem
1699 413 1821 449 terrae,
1839 405 2026 441 fructuum
2044 404 2266 442 ubertatem.
2284 410 2396 443 Acce-

1412 464 1473 500 dat
1492 472 1528 499 et
1545 463 1747 499 acerrimus
1758 463 1881 507 dolor,
1900 463 1963 512 qui
1984 472 2216 512 pertranseat
2235 464 2396 500 animam

1414 532 1528 567 tuam,
1556 522 1660 571 quod
1688 529 1830 558 tantum
1854 520 2131 558 benefactorem
2155 531 2397 571 contempse-

1415 582 1482 625 ris,
1515 581 1578 629 qui
1600 581 1769 617 dolorem
1794 581 1915 617 crucis
1945 581 2141 627 sustinuit,
2172 594 2219 618 ne
2248 581 2400 617 dolores

1414 640 1549 675 inferni
1562 640 1722 688 amplius
1735 639 1951 676 sustineres.
1967 640 2025 677 Sic
2045 640 2158 688 igitur
2173 640 2211 676 in
2229 640 2398 676 interiori

1412 699 1564 735 bomine
1580 698 1724 747 justitia
1751 700 2000 747 germinante,
2031 699 2203 735 surculus
2228 707 2400 748 erumpat

1414 759 1450 794 in
1476 758 1670 804 arborem,
1697 766 1733 793 et
1762 759 1938 807 loquatur
1967 758 2091 808 lingua
2113 758 2216 808 quod
2246 758 2400 795 scientia

1415 817 1649 866 loquebatur.

1466 878 1502 911 9.
1526 878 1688 922 Quartus
1712 875 1836 923 itaque
1855 874 1992 923 gradus
2019 883 2075 911 est
2100 875 2284 912 confessio
2311 875 2398 911 oris.

1416 939 1503 971 llaec
1526 948 1620 984 pure
1644 934 1809 970 facienda
1828 942 1884 970 est
1904 948 1911 968 :
1938 934 2025 982 quia
2044 947 2121 970 non
2149 942 2204 970 est
2222 947 2308 984 pars
2326 947 2401 970 una

1415 1004 1653 1043 peccatorum
1671 993 1847 1037 dicenda,
1866 1001 1903 1028 et
1919 993 2033 1029 altera
2049 993 2260 1038 reticenda3
2279 1005 2402 1042 neque

1371 1055 1397 1087 B
1417 1054 1510 1090 levia
1533 1053 1766 1098 confitenda,
1784 1060 1821 1088 et
1835 1052 1961 1100 gravia
1983 1051 2188 1088 diffitenda.
2209 1055 2284 1089 Nec
2310 1052 2404 1088 alter

1414 1112 1646 1148 accusandus
1671 1120 1708 1147 et
1732 1111 1811 1159 ipse
1834 1109 2069 1147 excusandus
2083 1138 2093 1156 ,
2113 1110 2178 1147 sed
2198 1123 2283 1146 cuin
2297 1109 2402 1159 justo

1416 1170 1615 1206 dicendum
1632 1178 1686 1206 est
1703 1185 1710 1205 :
1730 1171 1811 1204 Non
1832 1172 1995 1204 declines
2015 1182 2077 1204 cor
2093 1182 2212 1204 meum
2232 1173 2271 1204 in
2288 1168 2402 1205 verba

1416 1232 1574 1264 malitia?
1592 1231 1645 1264 ad
1661 1230 1896 1264 excusandas
1925 1232 2179 1264 excusationes
2206 1232 2245 1263 in
2266 1241 2403 1276 pecca—

1416 1293 1462 1323 tis
1483 1288 1509 1323 ⁴.
1532 1292 1620 1325 Haec
1644 1288 1744 1324 enim
1774 1296 1861 1323 sunt
1886 1287 2002 1323 verba
2029 1288 2202 1332 malitiae,
2226 1296 2263 1324 et
2281 1289 2404 1336 gravis

1416 1348 1584 1392 malitiae,
1606 1360 1679 1396 qua
1709 1347 1859 1395 gravior
1878 1347 1936 1382 vel
1960 1346 2069 1395 pejor
2086 1347 2149 1382 vix
2169 1359 2249 1384 esse
2268 1349 2400 1396 possit.

1416 1406 1681 1443 Confitendum
1711 1414 1767 1442 est
1800 1414 1836 1442 et
1869 1406 2073 1452 humiliter,
2096 1413 2139 1442 ut
2165 1406 2264 1442 idem
2295 1407 2403 1443 sitin

1416 1465 1550 1511 corde,
1571 1465 1674 1514 quod
1708 1463 1855 1501 sonabit
1880 1464 1916 1499 in
1944 1476 2023 1500 ore.
2051 1466 2145 1501 Sunt:
2169 1464 2269 1501 enim
2300 1477 2402 1501 non-

1419 1525 1533 1569 nulli,
1551 1525 1616 1573 qui
1632 1536 1784 1560 narrare
1803 1523 1841 1558 in
1853 1521 2151 1559 confessionibus
2166 1523 2302 1568 solent,
2319 1536 2404 1572 quae

1414 1583 1471 1619 vel
1484 1591 1613 1633 argute
1627 1582 1864 1626 litteratorio,
1881 1589 1918 1617 et
1935 1581 2080 1617 fortiter
2092 1580 2315 1630 gladiatorio
2325 1594 2405 1630 ges-

1414 1654 1494 1678 sere
1512 1641 1709 1686 conssictu,
1735 1639 1833 1690 proli
1854 1639 1977 1676 dolor!
1997 1639 2067 1676 sub
2086 1639 2305 1677 humilitatis
2319 1640 2402 1690 pal-

1415 1702 1464 1737 lio
1485 1700 1698 1750 superbiam
1718 1700 1960 1744 inducentes,
1984 1707 2021 1735 et
2039 1705 2215 1748 putantes
2235 1711 2273 1736 se
2293 1711 2403 1748 posse

1413 1761 1530 1796 vitare
1557 1760 1687 1795 oculos
1718 1757 1861 1795 Judicis
1889 1765 2024 1794 cuncta
2052 1757 2250 1793 cernentis.
2269 1760 2404 1793 Nonne

411 1816 442 1851 7.
468 1819 612 1852 Horum
632 1817 746 1865 igitur
759 1817 929 1852 omnium
950 1817 1249 1853 consideratione
1266 1830 1349 1867 per·
1370 1821 1396 1856 C
1415 1819 1544 1868 utique
1557 1831 1661 1867 reges
1677 1818 1762 1855 Saiil
1777 1825 1813 1853 et
1831 1817 1952 1853 David
1972 1816 2160 1866 redarguti
2174 1828 2196 1852 a
2209 1816 2405 1866 prophetis

357 1872 509 1908 territus
534 1873 650 1910 transi
671 1873 717 1909 ad
738 1874 1020 1922 poenitentiam,
1039 1875 1209 1910 ultricem
1235 1876 1348 1911 vitio-

358 1943 459 1976 rum,
481 1932 646 1968 altricem
672 1932 869 1968 virtutum.
892 1933 1076 1969 Poeniteat
1096 1941 1152 1979 te,
1170 1934 1273 1982 quod
1294 1943 1350 1970 tot

357 1997 394 2024 et
413 1990 523 2025 tantis
545 1990 692 2038 flagitiis
711 1991 923 2035 involutus,
943 1992 981 2027 in
1003 1991 1082 2027 luto
1103 1992 1200 2028 faecis
1220 2001 1257 2028 et
1277 1993 1348 2028 mi-

357 2049 462 2084 seriae
489 2049 630 2086 diutius
653 2049 816 2098 jacuisti.
849 2050 1109 2087 Poenitentiam
1131 2064 1242 2099 agens
1262 2066 1349 2088 cor-

359 2118 428 2154 pus
461 2114 566 2142 tuum
598 2115 774 2153 contere,
802 2116 839 2144 et
860 2107 1066 2144 furibundo
1087 2110 1209 2146 carnis
1234 2111 1348 2146 asello

359 2165 635 2202 incentivorum
674 2168 816 2203 semina
854 2168 1097 2213 subtrahens,
1133 2169 1351 2218 poenitenda

359 2224 518 2273 amplius
545 2238 621 2261 non
655 2226 848 2273 admittas,
872 2240 920 2263 ne
939 2228 1078 2265 vulnus
1099 2229 1247 2265 vulneri
1278 2229 1352 2265 fre-

358 2291 518 2331 quenter
559 2285 813 2333 ingeminans,
852 2286 1066 2335 confringas
1105 2299 1189 2323 ossa
1216 2287 1351 2323 animae

360 2349 451 2387 tuae,
478 2355 562 2390 quae
585 2344 749 2380 custodit
774 2345 814 2380 in
833 2343 946 2392 justis
974 2346 1159 2382 Dominus
1189 2360 1196 2382 ε
1231 2349 1350 2382 Unum

360 2413 409 2434 ex
428 2401 503 2446 leis,
519 2402 672 2451 inquam
686 2430 695 2447 ‚
712 2417 784 2438 non
801 2413 1006 2439 conteretur
1017 2402 1043 2440 3.
1064 2407 1159 2440 Nam
1180 2405 1258 2441 liaec
1274 2406 1350 2441 duo

362 2459 410 2494 ita
431 2459 500 2496 sibi
523 2461 682 2497 invicem
704 2461 906 2510 conjuncta
926 2471 1035 2508 sunt,
1056 2471 1097 2498 ut
1119 2463 1201 2511 quis
1220 2476 1258 2499 se
1285 2477 1350 2499 eo·

358 2531 540 2567 gnoscere
571 2533 647 2556 non
677 2522 814 2570 possit,
847 2522 915 2557 nisi
939 2522 1141 2570 poeniteat3
1161 2531 1198 2559 et
1223 2523 1348 2572 poeni—

364 2586 440 2613 tere
459 2591 534 2614 non
559 2581 698 2628 possit,
718 2580 788 2616 nisi
804 2593 843 2617 se
863 2589 1075 2630 cognoscat.

414 2637 449 2673 8.
481 2638 540 2675 Sic
566 2650 656 2688 ergo
681 2638 746 2674 tibi
772 2640 964 2689 cognitus,
982 2648 1018 2676 et
1041 2640 1079 2676 in
1105 2648 1140 2676 te
1164 2642 1351 2690 poenitens

363 2697 549 2733 transvola
571 2698 616 2733 ad
638 2698 788 2734 tertium
814 2699 970 2747 gradum
985 2728 994 2744 ,
1021 2698 1191 2736 dolorem
1220 2701 1353 2738 videli-

362 2764 419 2791 cet
448 2756 591 2802 cordis;
612 2757 739 2806 etjam
765 2759 930 2806 plantata
950 2759 1021 2795 erit
1036 2758 1181 2807 justitia
1206 2761 1351 2809 planta—

362 2815 462 2850 tione
483 2816 544 2852 illa
559 2844 568 2860 ,
592 2829 704 2865 quam
729 2818 912 2866 plantavit
936 2823 1044 2856 Pater
1075 2828 1159 2856 tuus
1179 2821 1349 2858 coelestis.

365 2875 459 2910 Dole
488 2875 601 2924 igitur
632 2876 719 2924 quia
756 2880 968 2914 Creatorem
1000 2879 1212 2926 offendisti,
1245 2880 1352 2929 cujus

364 2934 482 2982 legem
506 2935 668 2971 coelestia
684 2944 721 2971 et
749 2938 937 2973 terrestria
955 2946 1091 2986 praeter
1111 2947 1146 2974 te
1165 2939 1349 2977 indefessa

362 2993 522 3028 statione
551 3003 778 3030 conservant
801 3007 807 3029 :
829 3003 865 3031 et
885 2996 921 3031 in
943 3004 1043 3031 tanta
1068 2995 1261 3045 republica
1280 2999 1348 3035 Dei

365 3059 403 3085 tu
424 3051 526 3087 solus
545 3052 766 3100 peregrinus
781 3066 837 3095 es,
856 3062 893 3089 et
909 3054 1161 3103 imperatoriae
1177 3055 1347 3104 majesta-

362 3111 406 3146 tis
432 3111 581 3146 decreta
613 3123 689 3147 non
714 3125 832 3149 curas.
856 3116 989 3162 Surgat
1013 3123 1050 3151 et
1076 3115 1199 3151 acrior
1226 3116 1348 3162 dolor,

1414 1879 1584 1914 Samuele
1604 1886 1640 1914 et
1661 1877 1808 1914 Nathan
1822 1904 1832 1921 ,
1859 1876 2057 1922 dixerunt,
2079 1878 2233 1912 peccam·
2246 1879 2267 1912 ,Ρ
2286 1883 2323 1912 et
2342 1884 2402 1912 ta-

1417 1951 1499 1974 men
1521 1938 1608 1973 Saiil
1629 1936 1794 1981 audivit,
1823 1937 2022 1971 Transtulit
2045 1937 2220 1970 Dominus
2248 1947 2402 1983 regnum

1415 2012 1439 2033 a
1455 2008 1501 2042 te,
1518 2007 1551 2033 et
1569 1997 1672 2033 dabit
1686 1998 1781 2032 illud
1790 1998 1924 2031 oemnlo
1939 2005 1998 2031 tuo
2012 1993 2047 2032 ⁵:
2065 2003 2103 2031 et
2116 1994 2252 2040 David,
2274 1997 2404 2030 Trans-

1414 2062 1494 2094 tulit
1515 2061 1694 2093 Dominus
1710 2065 1904 2104 peccalum
1921 2063 2019 2091 tuum
2031 2083 2041 2100 ‚
2057 2063 2092 2090 ee
2106 2067 2178 2090 non
2195 2056 2360 2090 morieris
2374 2053 2401 2090 ⁶.

1415 2117 1514 2165 Quid
1530 2125 1585 2154 est
1599 2117 1688 2162 hoc,
1706 2115 1775 2152 nisi
1793 2115 1880 2164 quia
1897 2114 1999 2164 quod
2016 2114 2103 2152 Saiil
2120 2112 2250 2150 habuit
2268 2114 2306 2150 in
2323 2126 2402 2160 ore,

1416 2190 1492 2213 non
1529 2177 1596 2212 fuit
1626 2177 1665 2212 in
1695 2174 1808 2212 corde
1845 2188 1852 2209 ε
1884 2182 1921 2210 et
1952 2173 2142 2210 humilitas
2167 2185 2251 2222 quae
2271 2172 2310 2208 in
2337 2185 2403 2208 ore

1416 2234 1536 2270 David
1559 2234 1720 2277 exstitit,
1742 2233 1780 2268 in
1801 2231 1916 2268 corde
1935 2231 2046 2268 etiam
2067 2230 2251 2267 radiavit?
2268 2230 2403 2267 Dicen-

1417 2292 1506 2329 dum
1528 2300 1635 2329 estet
1656 2291 1826 2335 fideliter,
1849 2298 1890 2326 ut
1912 2290 1951 2326 in
1972 2289 2044 2326 fide
2073 2288 2248 2326 Ecclesiae
2275 2288 2403 2325 credat

1416 2351 1487 2387 sibi
1505 2360 1657 2400 peccata
1673 2350 1829 2396 dimitti,
1851 2350 1939 2398 quia
1958 2349 2047 2387 Cain
2065 2356 2101 2384 et
2119 2347 2235 2384 Judas
2250 2359 2345 2396 pure
2366 2355 2403 2383 et

1416 2410 1606 2445 humiliter
1621 2409 1779 2444 confessi
1798 2416 1905 2451 sunt,
1925 2407 1990 2443 sed
2010 2419 2247 2455 nequaquam
2277 2405 2401 2441 fideli-

1416 2476 1471 2504 ter
1501 2481 1508 2502 :
1532 2468 1619 2516 quia
1647 2468 1740 2504 alter
1766 2479 1897 2503 eorum
1927 2465 2129 2515 desperans
2151 2464 2198 2500 ad
2226 2464 2401 2512 laqueum

1415 2527 1580 2562 cucurrit
1601 2534 1637 2572 ⁷3
1658 2527 1750 2562 alter
1777 2524 1869 2561 illud
1894 2524 2035 2572 grande
2061 2523 2182 2560 scelus
2207 2522 2398 2566 evomuit,

1366 2594 1399 2628 1)
1416 2586 1547 2630 illa-jor
1566 2596 1621 2621 est
1647 2589 1822 2632 iniquitas
1844 2596 1927 2618 mea
1948 2595 2060 2630 quam
2084 2591 2124 2617 ut
2145 2586 2293 2618 veniam
2321 2594 2401 2616 me-

1418 2658 1500 2679 rear
1516 2643 1544 2679 ⁸.
1562 2644 1747 2689 Mentiris,
1766 2643 1874 2685 latro,
1895 2641 1984 2690 quia
1997 2640 2117 2690 major
2132 2648 2189 2677 est
2203 2640 2321 2689 pietas
2333 2641 2402 2676 Dei

1419 2716 1531 2753 quain
1552 2704 1692 2752 quaevis
1711 2702 1887 2751 iniquitas
1910 2714 1917 2735 :
1944 2701 2031 2749 quia
2050 2700 2304 2736 miserationes
2321 2698 2402 2747 ejus

1418 2774 1531 2811 super
1551 2762 1677 2797 omnia
1697 2773 1811 2809 opera
1837 2758 1931 2807 ejus.

1475 2822 1533 2857 10.
1557 2821 1732 2869 Sequitur
1747 2820 1901 2868 quintus
1919 2817 2056 2868 gradus
2071 2844 2081 2862 ,
2100 2817 2300 2853 maceratio
2319 2830 2403 2853 car-

1418 2879 1487 2925 nis,
1501 2892 1585 2927 quae
1601 2878 1767 2927 jejuniiS‚
1783 2877 1919 2926 vigiliis
1934 2874 2160 2912 attenuanda
2178 2883 2234 2911 est
2249 2888 2259 2919 ;
2275 2888 2321 2911 ne
2336 2887 2400 2911 no-

1418 2952 1462 2975 va
1482 2939 1675 2988 prurigine
1690 2938 1736 2974 ad
1758 2938 2019 2986 voluptuosam
2043 2935 2186 2971 revolet
2199 2939 2212 2955 ²
2235 2935 2402 2983 pravita—

1416 3008 1503 3035 tem.
1529 3002 1614 3034 llaec
1635 3007 1759 3034 autem
1797 2997 1964 3033 facienda
1992 3004 2047 3032 est
2075 2995 2288 3039 licentiose;
2314 2995 2402 3043 quia

1414 3058 1517 3107 quod
1534 3058 1613 3094 sine
1630 3057 1775 3093 licentia
1794 3057 1833 3092 fit
1845 3084 1854 3101 ‚
1875 3068 1980 3092 vanae
1997 3054 2124 3104 gloriae
2143 3052 2399 3102 deputabitur,

1416 3131 1491 3154 non
1513 3117 1687 3153 mercedi.
1709 3116 1860 3154 Occulte
1874 3143 1883 3159 ‚
1914 3123 1953 3150 ut
1985 3113 2123 3150 nesciat
2143 3112 2291 3149 sinistra
2312 3120 2397 3156 tua,

406 3248 412 3261 ¹
436 3242 513 3272 Psal.
534 3253 612 3271 xxxi
628 3267 635 3278 ‚
654 3247 683 3273 s».
701 3262 740 3266 ——
758 3250 769 3264 ²
787 3248 893 3274 Scin-c.
911 3246 939 3274 iu
955 3246 1049 3286 Epist.
1066 3263 1106 3268 —
1122 3244 1134 3267 3
1152 3249 1229 3278 Psal.
1249 3260 1355 3279 xxxin
1368 3274 1374 3286 ,
1399 3252 1452 3279 21.
1470 3268 1512 3272 ——
1533 3249 1547 3274 Δί
1566 3250 1641 3279 Psal.
1657 3260 1718 3277 cn,
1733 3272 1740 3285 ,
1762 3250 1792 3278 -'i.
1810 3264 1850 3269 --
1874 3245 1886 3267 5
1903 3250 1914 3276 1
1934 3249 2009 3285 neg.
2026 3256 2082 3279 xv.
2108 3248 2160 3274 28.
2180 3262 2218 3265 *ν
2239 3242 2254 3264 6
2274 3246 2303 3274 11
2321 3246 2397 3284 Reg.

353 3297 552 3331 ³11,13.1—
569 3301 580 3323 ἲ
598 3295 709 3326 Manli.
724 3307 828 3327 xxvii.
844 3316 884 3319 —
902 3298 914 3320 3
930 3299 1007 3328 Cen.
1025 3310 1069 3337 iv,
1094 3303 1142 3330 13.

1465 3308 1478 3321 ³¹
1494 3302 1599 3342 Tiraq.
1620 3307 1649 3331 ct
1667 3303 1772 3331 llorst.
1791 3297 1940 3333 revolvat,
1959 3298 2072 3327 omisso
2091 3295 2143 3326 ad.
2166 3294 2190 3331 ’ξ’
