2418 3949
109 165 176 200 145

103 241 159 277 dis
181 249 325 277 tantum
342 240 439 277 lianc
455 240 544 277 dicit
560 240 899 289 laetitiam.1njuria
912 250 968 278 est
983 253 1094 290 spon·
1111 239 1124 258 ⁶

815 167 863 200 IN·
893 165 1118 208 CANTICA,
1149 166 1312 202 SERMO
1340 168 1444 202 XXI.

1128 239 1142 257 ¹³
1160 241 1216 276 sui
1234 241 1372 277 dilecti.
1394 245 1528 290 Magna
1554 242 1592 277 in
1614 241 1682 278 hac
1710 242 1770 278 die
1799 241 1935 278 laetitiae
1965 242 2060 278 ratio
2077 270 2087 287 ‚
2117 251 2155 278 et

2083 169 2154 202 1-'16

102 300 146 345 si,
167 300 290 350 siipse
305 300 466 346 laetatur,
481 309 519 336 et
533 309 572 336 tu
587 313 663 337 non
679 314 726 337 ex
743 301 857 337 corde
871 300 1090 350 applaudis,
1109 300 1142 332 A
1159 313 1243 348 quae
1277 300 1400 336 cordis
1429 308 1466 336 et
1487 300 1642 337 affectus
1669 301 1824 337 humani
1854 302 1946 337 fines
1982 301 2152 338 excedat.

102 373 178 396 non
201 361 472 411 congratularis
485 389 494 406 ,
513 374 589 397 non
608 360 834 410 congaudes.
851 361 917 397 Vel
937 358 1092 405 fastidii,

100 421 160 456 vel
179 420 431 470 despectionis
452 421 570 457 instar
589 429 667 465 est,
693 433 778 456 cum
805 419 990 468 gaudente
1016 430 1092 454 non

99 478 281 528 gaudere,
301 488 338 516 et
353 480 424 515 lioc
443 480 481 515 in
501 478 802 529 desponsationis
817 477 889 514 die.
904 477 1092 514 Affectum

101 545 206 574 tuum
222 538 328 587 cujus
347 539 483 575 alliciat
502 539 644 588 species
657 566 666 583 ,
688 539 717 574 si
737 550 814 574 non
831 537 912 585 ejus
925 537 988 586 qui
1002 548 1089 585 spe-

99 596 224 634 ciosus
239 606 295 634 est
321 597 440 633 forma
463 609 540 646 prae
561 597 647 633 filiis
665 597 887 633 hominum?
911 595 1089 632 Gaudens

98 656 218 705 gaude
252 657 292 692 in
326 656 511 701 Domino,
538 665 575 692 et
608 657 769 692 exsultet
802 656 926 692 anima
958 663 1021 691 tua
1051 655 1089 691 in

99 727 239 763 sponso
259 724 343 760 tuo,
364 715 402 751 in
418 719 499 751 Deo
520 723 586 750 tuo
604 729 612 751 :
632 715 696 763 qui
713 716 742 751 si
757 719 859 752 Deus
876 728 952 750 non
971 722 1087 759 esset,

97 781 134 808 et
154 773 268 810 homo
288 786 407 823 purus
426 781 533 818 esset,
551 782 709 822 quantas
730 782 853 810 tamen
874 773 1030 810 haberet
1047 773 1087 809 in

96 845 134 868 se
155 833 294 869 amoris
322 831 516 869 illecebras
539 832 653 868 homo
675 832 777 878 talis,
803 841 859 869 tot
881 833 1085 882 gratiarum

97 890 295 928 abundans
321 891 564 928 muneribus?
591 895 683 928 Nam
713 892 740 928 si
763 905 783 927 a
812 891 935 928 radice
956 904 1088 928 conce-

94 950 234 998 ptionis
249 950 330 999 ejus
351 964 544 988 recensere
564 951 737 1000 coeperis,
759 959 860 987 totus
878 950 945 986 tibi
967 951 1087 987 stella-

1158 363 1233 396 Nec
1265 368 1321 395 est
1347 360 1421 396 huc
1448 360 1647 409 peregrina
1674 360 1887 397 inducenda
1913 360 2060 405 laetitia,
2089 361 2154 397 sed

1159 418 1230 455 diei
1252 419 1312 455 isti
1332 420 1469 456 sufficit
1487 420 1615 456 laetitia
1631 433 1710 456 sua.
1734 420 1864 457 Dulcis
1880 433 1940 466 es,
1967 421 2151 466 Domine,

1158 486 1195 514 et
1213 478 1377 515 directus
1393 487 1448 514 est
1464 478 1510 514 ad
1526 491 1596 514 nos
1610 479 1762 527 spiritus
1777 488 1876 524 tuus,
1894 479 2049 528 spiritus
2065 493 2153 516 sua-

1155 538 1224 573 vis.
1245 541 1436 574 Humanas
1457 537 1524 573 tibi
1545 538 1688 574 animas
1704 551 1772 587 per
1793 538 1905 574 fidem
1928 547 1965 574 et
1982 552 2149 576 amorem

1155 596 1319 644 quodam
1348 597 1475 645 sponsi
1494 596 1655 632 associas
1678 596 1837 641 affectu,
1858 606 1895 633 ct
1922 596 1968 633 de
1992 611 2150 635 conver-

1155 655 1260 692 sione
1279 655 1428 691 laetaris.
1449 659 1594 691 Durum
1617 667 1682 690 cor
1701 654 1804 702 quod
1828 655 1897 690 sibi
1920 656 2055 693 laetitiae
2075 657 2150 694 hu-

1150 714 1212 762 jus
1244 714 1436 750 materiam
1472 712 1666 758 subducit,
1701 713 1919 749 occasiones
1954 723 2122 751 attenuat
2139 744 2149 761 ‚

1153 773 1343 809 imminuit
1365 772 1540 808 rationes.
1564 774 1595 808 Ο
1616 783 1675 807 me
1694 771 1952 820 impudentem
1975 781 2011 808 et
2028 774 2151 822 ingra-

1155 840 1255 877 tum,
1276 832 1398 868 sinon
1421 844 1490 879 ego
1513 830 1622 867 talem
1642 830 1814 878 diligam,
1837 838 1911 866 tam
1933 830 2148 868 absolutum

1153 904 1173 927 a
1206 890 1473 940 corruptione,
1497 899 1533 925 et
1561 897 1666 925 tanta
1701 889 1798 925 circa
1836 901 1896 924 me
1926 888 2149 927 adstrictum

1153 949 1432 999 compassione,
1451 948 1662 984 necessitati
1681 960 1756 983 non
1776 946 1999 993 obnoxium,
2016 957 2053 984 et
2067 949 2150 998 pie-

95 1017 153 1045 tus
166 1009 478 1059 videbiturjuxta
492 1010 748 1046 conditionem
764 1010 966 1046 humanam
981 1038 990 1054 ,
1010 1018 1084 1046 tam
1105 1010 1132 1043 B
1153 1017 1226 1045 tate
1241 1008 1423 1045 obnixum
1441 1009 1448 1042 !
1472 1007 1630 1056 Diligam
1650 1014 1705 1052 te,
1727 1006 1845 1042 dulcis
1873 1007 2057 1053 Domine,
2079 1009 2147 1044 etsi

93 1068 349 1117 singularitate
363 1097 372 1114 ,
392 1082 504 1118 quam
524 1069 746 1105 excellentia
771 1069 957 1105 virtutum
981 1084 988 1104 :
1012 1069 1083 1104 ho·

94 1140 156 1162 mo
176 1127 377 1172 innocens,
399 1128 641 1177 impollutus,
666 1136 883 1177 segregatus
903 1141 923 1164 a
948 1140 1084 1177 pecca-

92 1185 262 1232 toribus;
279 1195 321 1223 ut
339 1187 490 1222 interim
511 1187 638 1222 sileam
660 1187 763 1236 quod
782 1187 966 1223 excelsior
980 1187 1083 1222 coelis

92 1244 210 1281 lactus
227 1253 282 1282 cst
295 1251 322 1291 ¹,
336 1244 618 1282 infirmitatibus
633 1245 770 1282 nostris
782 1253 919 1295 potens
932 1258 1082 1294 compa-

91 1304 140 1348 ti,
166 1313 327 1342 tentatus
346 1318 415 1354 per
429 1305 555 1341 omnia
574 1318 645 1355 pro
665 1304 914 1342 similitudine
938 1304 1080 1354 absque

87 1371 243 1411 peccato
256 1370 281 1400 ².
301 1364 445 1401 Diffusa
462 1373 517 1401 est
530 1365 644 1413 gratia
658 1365 697 1400 in
713 1363 820 1400 labiis
833 1392 842 1410 ,
863 1365 1080 1401 misericor-

89 1421 148 1457 dia
164 1422 203 1458 in
224 1422 452 1468 visceribus,
470 1424 590 1470 virtus
607 1424 643 1459 in
662 1423 858 1469 manibus;
877 1436 1080 1460 conversa-

89 1480 191 1517 tione
206 1481 422 1531 singularis,
443 1495 617 1518 sermone
632 1483 862 1528 communis3
877 1482 1077 1532 prudentia

88 1539 124 1574 in
146 1541 354 1590 responsis,
374 1542 452 1577 vita
478 1541 517 1577 in
543 1541 679 1578 verbis.
701 1541 837 1590 Quid2,
856 1541 958 1591 quod
982 1555 1076 1578 con-

87 1606 218 1647 ceptus
237 1607 292 1636 est
312 1612 357 1636 ex
376 1599 468 1645 fide,
496 1608 604 1636 natus
623 1613 667 1636 ex
689 1601 862 1649 Virgine,
885 1613 960 1636 non
983 1614 1077 1637 con—

87 1665 258 1706 sumptus
275 1658 312 1693 in
335 1666 476 1703 morte,
501 1666 537 1694 et
551 1667 766 1708 assumptus
786 1659 822 1694 in
844 1659 988 1707 gloria?

141 1716 201 1752 10.
232 1717 385 1753 Reticeo
404 1729 506 1753 nunc
526 1717 759 1753 credentium
789 1730 1009 1762 numerum,
1041 1726 1078 1754 et

86 1775 218 1811 merita
240 1776 492 1826 populorum,
515 1789 610 1825 quos
638 1777 751 1813 misso
779 1777 919 1826 Spiritu
947 1777 1017 1813 sibi
1037 1778 1075 1813 in
1096 1777 1122 1812 C

91 1833 163 1869 fide
180 1843 217 1870 et
236 1835 414 1871 charitate
431 1836 599 1872 sociavit.
614 1840 645 1873 O
664 1849 750 1872 vere
763 1849 940 1885 magnum
960 1837 1077 1886 pieta-

86 1892 131 1927 tis
153 1902 425 1930 sacramentum
457 1895 641 1939 Christus,
663 1895 937 1932 irritamentum
966 1909 1075 1932 amo-

85 1951 157 1997 ris,
185 1953 250 2001 qui
279 1953 535 1990 manifestatus
559 1962 596 1989 et
626 1954 819 1991 infestatus
849 1963 904 1991 est
929 1955 965 1990 in
994 1969 1075 1991 car-

84 2023 151 2054 ne,
171 2010 394 2058 justificatus
411 2020 466 2048 est
486 2012 524 2048 in
549 2013 703 2062 spiritu,
720 2014 897 2063 apparuit
910 2014 1073 2063 Angelis,

84 2069 307 2118 praedicatus
333 2078 389 2107 est
415 2069 612 2119 gentibus,
635 2071 800 2107 creditus
822 2080 878 2108 est
908 2071 1073 2117 mundo,

82 2137 295 2178 assumptus
311 2137 366 2164 est
379 2129 415 2164 in
429 2129 547 2178 gloria
560 2127 590 2165 ³!
602 2130 693 2178 Quis
712 2130 775 2167 det
793 2131 880 2167 mihi
897 2131 985 2167 istas
1001 2131 1075 2167 dis-

81 2199 233 2223 currere
259 2195 297 2223 et
322 2200 518 2223 recurrere
545 2187 762 2236 frequenter
788 2200 857 2237 per
883 2188 1015 2232 lineas,
1037 2195 1073 2223 ct

81 2258 150 2294 per
162 2246 328 2295 singulos
344 2247 526 2282 virtutum
545 2255 581 2282 ct
597 2260 755 2296 operum
772 2246 910 2296 gradus
927 2246 1070 2282 dicere:

79 2307 251 2349 Domine,
268 2310 351 2353 quis
363 2308 496 2340 similis
512 2311 563 2340 mi
574 2305 614 2341 ⁴?
630 2306 721 2353 Quis
735 2305 824 2342 mihi
842 2305 905 2341 det
921 2313 961 2341 ut
979 2305 1073 2340 scri-

80 2361 218 2399 bantur
236 2376 429 2400 sermones
450 2364 510 2400 isti
531 2365 567 2400 in
590 2364 704 2401 corde
726 2377 810 2400 mco
825 2392 834 2410 ‚
855 2373 895 2400 ut
911 2376 1072 2400 exaren-

82 2429 141 2457 tur
165 2422 270 2467 stilo,
291 2430 328 2458 et
355 2423 461 2471 quasi
488 2422 527 2458 in
559 2423 660 2459 silice
690 2422 913 2468 scribantur,
935 2431 975 2458 ut
995 2434 1071 2458 non

79 2480 300 2516 deleantur?
322 2484 446 2517 Bonus
473 2482 580 2518 stilus
600 2482 737 2531 digitus
757 2490 864 2528 tuus,
885 2483 1069 2527 Domine,

79 2539 216 2588 digitus
240 2552 316 2588 quo
346 2539 536 2577 scribebas
567 2542 605 2577 iu
632 2550 728 2578 terra
761 2541 878 2577 verba
906 2554 1038 2577 arcana
1058 2569 1067 2586 ‚

78 2597 193 2633 verba
212 2611 373 2647 quorum
392 2599 568 2635 virtutem
587 2600 858 2636 calumniantes
876 2601 972 2636 ferre
991 2614 1067 2636 non

78 2657 287 2705 poterant5.
305 2658 449 2694 Inclina
476 2658 667 2707 teipsum,
689 2662 791 2694 Deus
807 2672 931 2704 incus,
954 2667 989 2695 et
1009 2660 1069 2694 in-

77 2716 157 2753 cide
175 2717 212 2752 in
235 2717 349 2753 corde
366 2731 450 2753 ineo
471 2718 560 2767 legis
583 2726 654 2754 tuae
673 2717 829 2755 tabulas.
862 2718 1067 2767 Lapideum

78 2783 133 2811 est
149 2789 215 2811 cor
234 2789 356 2812 mcum
370 2805 379 2822 ‚
397 2789 457 2813 sec
473 2776 589 2813 durus
607 2777 699 2826 lapis
715 2786 858 2813 naturae
873 2776 1067 2813 oblivisci-

79 2841 138 2869 tur
158 2833 203 2869 ad
229 2833 334 2883 digiti
362 2834 412 2870 tui
437 2835 745 2884 impressionem3
767 2835 874 2871 facilc
903 2835 1039 2871 cedens
1055 2864 1064 2881 ,

77 2891 140 2928 ubi
162 2901 200 2928 tu
221 2892 366 2929 incidis.
397 2893 469 2929 Sed
495 2892 573 2941 jam
596 2894 711 2930 inulta
739 2894 904 2930 diximus
930 2908 999 2944 pro
1019 2908 1064 2930 eo

75 2952 178 3000 quod
199 2952 399 3002 oportebat
423 2966 596 3002 sponsam
628 2955 742 2990 laetari
771 2963 807 2990 et
837 2954 1000 3003 gaudere
1027 2955 1064 2990 in

76 3011 135 3047 dic
157 3011 458 3061 desponsationis
479 3025 575 3058 suae,
593 3021 629 3048 et
651 3013 686 3048 in
705 3012 764 3048 ‹lie
785 3013 920 3048 lamia·
943 3013 1066 3049 cordis

125 3145 132 3159 ¹
165 3140 261 3171 llebr.
292 3153 360 3179 vii,
390 3146 442 3172 26.
477 3160 510 3163 -—
547 3148 556 3162 ²
586 3142 629 3172 ld.
660 3154 706 3177 iv,
740 3147 788 3172 1.ἰ.
835 3162 838 3163 ⁷

78 3192 92 3209 ⁴·
107 3194 220 3223 Jercin.
239 3205 319 3223 xxxi
334 3217 341 3229 ,
365 3198 416 3225 22.

119 3255 131 3265 ”
151 3254 166 3280 Ἰ
180 3251 254 3292 iraq.
275 3258 300 3284 cl
319 3255 421 3283 llorst.
437 3252 485 3283 liic
503 3253 616 3283 addunt
637 3264 722 3294 crgo.
744 3254 767 3290 ’ζ-

890 3141 1122 3181 31'l'iin.111,
1158 3149 1208 3175 16.
1235 3165 1272 3167 --γ

1151 1081 1228 1103 non
1255 1080 1325 1116 pro
1351 1079 1429 1110 me,
1452 1078 1523 1115 pro
1544 1074 1579 1101 te
1603 1074 1749 1110 tamen;
1774 1074 1817 1101 ut
1840 1074 1904 1101 tuo
1924 1065 2146 1102 satisfaciam

1150 1125 1356 1171 desiderio,
1379 1124 1598 1160 deliciarum
1620 1123 1685 1160 tibi
1703 1136 1830 1160 causas
1845 1124 2144 1172 subministrem,

1149 1193 1370 1234 argumenta
1388 1183 1546 1229 laetitiae,
1566 1183 1605 1219 in
1629 1183 1688 1219 die
1711 1183 2033 1233 desponsationis,
2051 1192 2088 1220 et
2106 1184 2146 1220 in

1149 1245 1208 1281 die
1222 1244 1360 1281 laetitiae
1380 1243 1504 1279 cordis
1524 1242 1590 1278 tui.

1145 1380 2145 1393 ιιιιιιιιιιιιιιιιιιιιιιιιιιιιιιιιιιιιιιιιιιιιιιιιιιιιιιιιιιιιιιιιιιιι

1418 1507 1674 1565 SERMO
1718 1508 1882 1563 XXI.

1236 1649 1446 1694 Egredimini,
1467 1656 1499 1680 et
1513 1647 1618 1679 videte
1633 1659 1733 1691 regem
1754 1646 1950 1678 Salomonem
1962 1671 1971 1684 ,
1992 1655 2050 1679 etc.

1434 1703 1552 1735 Cantic.
1573 1713 1642 1744 cap.
1658 1713 1720 1737 111,
1741 1699 1779 1736 j‘.
1801 1706 1852 1734 ll.

1533 1823 1750 1838 -οοοοου-

1199 1958 1231 1992 l.
1250 1959 1296 1993 Et
1314 1967 1381 1991 vos
1401 1954 1522 1991 audeo
1544 1954 1778 1991 confidenter
1797 1953 1842 1990 ad
1854 1953 2010 1990 visionis
2024 1952 2138 2002 liujus

1141 2016 1300 2052 invitare
1317 2014 1481 2050 la’titiam
1495 2041 1504 2058 ,
1524 2013 1609 2049 liliae
1626 2014 1787 2050 coelestis
1803 2014 1911 2058 Sion,
1928 2013 2135 2049 Jerusalem

1141 2088 1225 2124 quae
1242 2075 1278 2110 in
1302 2073 1404 2109 coelis
1429 2081 1496 2109 cst.
1518 2076 1594 2109 Vos
1614 2086 1711 2109 verae
1729 2081 1765 2108 ct
1783 2073 1903 2121 plenae
1921 2072 2004 2108 filiae
2024 2072 2111 2109 Sion
2126 2099 2136 2117 ,

1140 2146 1223 2181 quae
1241 2143 1390 2180 semper
1409 2130 1610 2166 intuemini
1632 2131 1761 2166 faciem
1795 2130 1926 2166 Patris.
1953 2133 2051 2174 Vos,
2078 2130 2137 2165 in-

1139 2201 1250 2237 quam
1265 2216 1274 2231 ,
1293 2189 1499 2222 multorum
1519 2189 1677 2221 millium
1703 2189 1936 2234 Angelorum
1959 2188 2138 2234 frequen-

1140 2248 1210 2292 tia,
1235 2259 1300 2281 vos
1320 2245 1440 2281 invito
1465 2251 1499 2279 et
1526 2256 1636 2279 voco.
1664 2245 1899 2291 Egreditnini
1927 2253 1961 2278 et
1988 2246 2112 2279 videre
2129 2258 2139 2278 :

1138 2304 1359 2354 egredimini
1381 2303 1426 2339 de
1449 2302 1648 2339 recondito
1666 2303 1730 2338 illo
1753 2303 1836 2339 sinu
1859 2303 2001 2339 intimae
2022 2303 2139 2340 visio-

1138 2365 1208 2409 nis,
1232 2363 1278 2400 de
1293 2371 1437 2399 secreto
1453 2362 1546 2398 lucis
1563 2361 1843 2398 inaccessibilis.
1863 2365 2011 2399 Novum
2029 2363 2138 2400 vobis

1139 2432 1237 2460 terra
1255 2430 1381 2458 nostra
1400 2430 1551 2471 praestat
1568 2422 1823 2471 spectaculum
1844 2436 1851 2457 :
1876 2434 2018 2458 novum
2036 2424 2136 2460 enim

1139 2483 1225 2519 fecit
1245 2481 1432 2518 Dominus
1453 2493 1566 2529 super
1584 2488 1736 2515 terram.
1757 2479 1814 2516 Ab
1833 2482 1982 2517 aetcrnis
1997 2482 2042 2518 ad
2062 2491 2137 2518 ter-

1087 2541 1120 2575 D
1140 2555 1230 2578 rena
1247 2554 1315 2576 vos
1332 2553 1516 2590 provoco.
1541 2540 1634 2576 Mira
1656 2540 1734 2575 liaec
1756 2540 1929 2576 invitatio
1951 2555 1957 2576 ε
1982 2542 2047 2577 sed
2071 2555 2137 2578 ne-

1135 2602 1212 2637 scio
1230 2613 1306 2649 quo
1327 2608 1439 2648 pacto
1461 2607 1601 2635 :eterna
1621 2599 1696 2643 illa,
1716 2612 1800 2647 quae
1821 2600 1857 2635 in
1880 2613 1918 2636 se
1937 2601 2026 2649 ipsis
2042 2615 2136 2637 seni-

1136 2669 1255 2709 peret
1275 2672 1374 2695 nova
1391 2667 1427 2694 et
1445 2658 1614 2694 miranda
1629 2667 1733 2701 sunt,
1757 2659 1792 2694 in
1815 2659 1977 2707 eoquod
1998 2661 2135 2697 factum

1135 2727 1190 2755 est
1211 2719 1247 2754 in
1277 2727 1374 2753 terra
1404 2730 1544 2754 novum
1559 2746 1568 2762 ,
1592 2730 1689 2752 nova
1711 2717 1826 2766 magis
1846 2726 1882 2752 et
1906 2717 2135 2756 mirabiliora

1137 2778 1334 2826 refulgent.
1358 2780 1389 2813 O
1405 2775 1511 2811 beata
1529 2775 1606 2811 lia=c
1624 2776 1660 2810 iu
1682 2776 1790 2811 terris
1814 2776 1960 2811 novitas
1991 2785 2135 2827 tempo-

1135 2837 1240 2881 ralis,
1261 2848 1344 2884 quar
1370 2835 1561 2882 antiquam
1592 2834 1690 2869 illam
1718 2842 1753 2869 et
1779 2843 1955 2870 aeternam
1984 2838 2134 2873 novita—

1135 2903 1207 2931 tcin
1230 2894 1407 2943 angelicis
1425 2894 1462 2929 in
1485 2893 1700 2942 aspectibus
1721 2894 1886 2943 amplius
1912 2895 2106 2933 innovavit
2126 2901 2133 2933 l

1133 2956 1270 2989 Novum
1290 2951 1412 3000 fitce'st
1445 2955 1622 2988 Dominus
1649 2967 1759 3000 super
1790 2963 1924 2989 terram
1952 2969 1962 2988 :
1983 2954 2133 3002 femma

1132 3012 1371 3048 cire-unulabtl
1389 3010 1550 3048 1·ir11111⁶.
1569 3016 1688 3059 Quem
1708 3013 1976 3058 virum?E‹-«·r,
1996 3015 2129 3064 iuquit,

1305 3146 1317 3171 ³
1347 3146 1425 3176 l‘sal.
1453 3157 1569 3178 xxxiv.
1604 3150 1652 3176 io.
1681 3165 1720 3168 -—
1746 3145 1758 3166 ⁵
1784 3149 1876 3176 Joau.
1901 3158 1978 3179 ι-ιιι,
2001 3151 2066 3176 ii-ss.
2100 3168 2104 3169 γ
