2418 3949
46 2284 74 2287 ,1

44 2343 75 2348 1
47 2327 74 2330 l

202 207 273 243 921
959 210 1024 244 DE
1053 208 1284 244 PASSIO'NE
1313 208 1503 243 DOMINI.
2179 210 2256 247 922

1211 282 1257 302 ⁴⁵⁷
1269 291 1380 319 tatem
1393 292 1431 319 et
1445 284 1710 321 misericordiae
1726 287 2026 336 compassionem
2043 289 2259 338 persuadet,

1212 347 1242 380 A
1261 342 1491 379 occidendus
1517 352 1573 381 est
1600 354 1794 394 unguento
1816 347 2014 384 dominicae
2043 349 2262 396 sententiae,

518 349 695 389 CAPUT
728 349 879 388 XXIII.

202 474 249 502 De
269 471 424 502 vermibus
439 472 493 512 qui
514 471 685 502 corrodunt
703 478 848 502 truncum
860 495 868 509 ,
883 470 915 501 id
937 476 979 501 est
993 494 1002 507 ,
1022 469 1111 500 malis
1132 480 1199 510 sug-

285 525 476 567 gestionibus
492 525 610 556 bonum
625 525 819 568 propositum
837 523 1119 566 corrumpentibus.

260 645 320 682 76.
341 648 496 682 Vermes
514 653 688 682 truncum
714 644 805 682 boni
825 643 1012 694 propositi
1033 655 1201 679 corrum-

205 714 356 755 pentes,
384 713 472 741 sunt
501 705 726 740 tentationes
755 704 985 748 intrinsecae,
1011 715 1095 751 quae
1117 710 1201 738 tan-

207 773 246 801 to
268 764 469 801 viciniores
499 771 607 807 sunt,
638 772 781 812 quanto
803 762 1083 807 familiariores,
1104 773 1202 810 saepe

208 823 277 860 sub
293 822 385 859 boni
402 821 526 871 specie
544 820 686 857 bonum
702 821 940 870 propositum
957 832 1201 869 corrumpen-

207 890 272 918 tes.
298 884 364 918 Est
382 881 482 917 enim
503 880 638 929 aliquis
661 881 727 929 qui
747 880 794 916 de
821 879 933 917 bonae
963 879 1220 929 cogitationis.

206 939 352 985 radice,
371 938 462 975 boni
481 939 668 989 propositi
696 948 871 975 truncum
896 939 1032 975 emisit.
1053 942 1203 988 Propo-

205 999 259 1036 nit
280 999 408 1035 omnia
432 1012 516 1048 quae
538 998 671 1035 mundi
698 1006 787 1035 sunt
812 999 1044 1047 relinquere,
1068 1006 1110 1033 ut
1134 1010 1205 1033 nu-

1263 401 1422 438 dicentis
1446 417 1454 438 :
1475 404 1516 438 Si
1535 408 1618 451 quis
1634 409 1738 440 venit
1757 407 1810 441 ad
1834 420 1914 452 me,
1936 416 1971 442 et
2003 421 2076 443 non
2099 410 2180 443 odit
2193 422 2269 456 pa—

1263 470 1353 496 trem
1375 470 1410 497 et
1428 470 1583 498 matrem
1597 490 1609 507 ,
1628 472 1665 498 et
1682 477 1837 500 uxorem
1858 474 1892 500 et
1898 466 2005 511 filios
2016 495 2027 511 ,
2053 476 2088 502 et
2098 465 2264 514 fratres,

1265 527 1303 554 et
1317 532 1481 563 sorores,
1505 521 1628 557 adhuc
1648 531 1772 557 aulem
1793 532 1828 558 et
1848 528 2012 559 animum
2041 538 2168 569 suam,
2192 538 2266 560 non

1266 586 1320 614 est
1348 581 1568 627 mestigmcs
1592 586 1616 616 ¹.
1643 581 1812 628 Qualiter
1841 590 1966 618 autem
1997 582 2198 632 diligendi,
2228 592 2267 620 et

1266 638 1427 687 qualiter
1456 638 1633 684 odiendi,
1667 652 1736 688 per
1765 653 1897 677 vaccas
1929 642 2119 680 trahentes
2156 644 2269 693 plau-

1266 705 1384 732 strum
1405 709 1490 732 cum
1511 710 1597 733 arca
1617 698 1770 734 Domini
1793 699 2048 748 perdocemur
2073 717 2082 738 ε
2109 715 2269 751 quarum

1266 755 1374 791 vituli
1394 755 1484 791 dum
1505 764 1629 792 essent
1650 757 1786 793 reclusi
1809 757 1933 803 domi,
1955 759 2047 808 ipsae
2068 774 2190 797 vaccae
2211 775 2272 798 ar-

1268 829 1348 852 cam
1377 824 1566 865 gestantes
1586 823 1623 852 et
1644 825 1746 853 recto
1776 817 1909 853 itinere
1930 828 2129 867 pergentes
2155 820 2271 857 Beth-

1268 888 1388 912 sames
1400 905 1410 921 ,
1427 889 1510 912 cum
1530 875 1705 912 audirent
1721 889 1834 913 voces
1849 877 2069 924 vitulorum,
2087 879 2275 916 dederunt

1269 935 1423 984 quidem
1445 935 1653 984 mugitum,
1672 936 1736 984 qui
1758 944 1840 985 erat
1860 937 2007 986 signum
2029 939 2209 975 naturalis
2221 939 2276 975 as-

1271 996 1406 1040 fectus;
1422 1008 1490 1031 nec
1502 1003 1625 1031 tamen
1642 1008 1681 1031 se
1696 994 1743 1032 ab
1757 1004 1909 1045 arrepto
1925 997 2038 1033 semel
2056 997 2192 1034 itinere
2209 998 2275 1035 de-

205 1060 275 1097 dus
301 1059 488 1097 Christum
523 1058 667 1095 nudum
698 1066 900 1107 sequatur3
933 1057 998 1094 sed
1036 1057 1203 1094 nascitur
1224 1056 1248 1089 B
1270 1055 1459 1090 flexerunt
1482 1061 1507 1091 ².
1532 1057 1588 1091 Tu
1607 1067 1699 1090 vero
1721 1055 1750 1091 si
1768 1054 1846 1103 jam
1872 1064 2002 1104 portas
2022 1057 2100 1093 sive
2124 1058 2274 1106 profes-

206 1118 430 1155 intrinsecus
451 1117 590 1154 vermis
618 1130 745 1167 pravae
781 1116 1028 1166 suggestionis
1043 1145 1052 1162 ,
1075 1115 1202 1152 dicens

206 1178 256 1214 ita
278 1192 286 1213 :
309 1177 483 1214 Indotata
504 1176 571 1213 tibi
592 1189 702 1213 soror
717 1184 795 1222 est,
817 1176 1048 1226 paupercula
1069 1183 1201 1222 mater3

206 1245 294 1273 sunt
316 1236 482 1273 fortassis
500 1236 651 1281 fratres,
674 1236 734 1272 vel
752 1236 836 1281 filii,
853 1235 930 1272 sive
947 1235 1009 1271 alii
1027 1234 1203 1283 quicum-

206 1308 279 1344 que
300 1295 433 1341 amici,
453 1295 505 1332 rei
525 1295 716 1332 familiaris
736 1295 865 1344 inopia
886 1293 1121 1338 laborantes,
1140 1293 1205 1342 qui

208 1355 255 1391 de
276 1364 311 1391 te
331 1355 414 1391 solo
431 1354 624 1404 pendent,
649 1363 684 1390 te
706 1366 823 1390 unum
849 1353 1057 1403 respiciunt
1079 1367 1086 1388 ε
1110 1365 1207 1401 quos

208 1415 238 1451 si
260 1414 460 1463 reliqueris
474 1442 483 1459 ‚
507 1423 571 1451 aut
591 1412 863 1450 mendicabunt
886 1413 1068 1462 turpiter,
1092 1411 1207 1447 nimi—

208 1487 293 1510 rum
323 1474 361 1510 in
391 1473 444 1510 tui
470 1474 618 1523 generis
649 1471 923 1522 opprobrium3
954 1479 1019 1507 aut
1049 1470 1206 1516 furtive,

206 1533 266 1569 vel
283 1533 467 1569 violenter
491 1541 590 1569 certe
613 1532 761 1581 rapient
778 1531 919 1576 aliena,
941 1539 978 1567 et
997 1530 1049 1566 sic
1069 1528 1107 1564 in
1125 1542 1209 1565 cor-

209 1604 303 1640 pore
329 1591 439 1628 simul
463 1600 503 1627 et
531 1592 568 1627 in
590 1591 714 1628 anima
739 1590 934 1640 peribunt.
960 1589 1071 1638 Quod
1093 1589 1123 1625 si
1144 1596 1205 1634 tu,

211 1652 276 1700 qui
301 1651 357 1688 his
380 1651 522 1701 poteris
551 1650 754 1688 subvenire
782 1649 971 1687 manendo
992 1650 1031 1685 in
1059 1660 1208 1699 posses—

211 1712 316 1747 sione
335 1719 415 1763 tua,
437 1710 506 1747 hos
523 1711 561 1747 in
581 1719 686 1747 certo
703 1710 874 1760 periculo
894 1708 1088 1757 reliquisse
1102 1707 1210 1743 vide-

211 1770 333 1814 beris,
352 1778 389 1806 et
411 1770 587 1806 clausisse
608 1770 751 1806 viscera
772 1778 835 1806 tua
851 1768 898 1805 ab
915 1769 968 1805 eis
983 1797 992 1815 ,
1014 1766 1209 1818 quomodo

1269 1114 1375 1150 sione
1396 1122 1526 1163 aperta
1545 1122 1581 1150 et
1601 1114 1780 1160 solemni,
1801 1115 1879 1151 sive
1897 1116 2046 1151 occulto
2067 1117 2267 1166 proposito

1265 1173 1398 1223 jugum
1421 1173 1597 1218 Domini,
1624 1173 1662 1209 id
1688 1182 1766 1218 est,
1791 1174 1973 1222 Regulam
1995 1187 2273 1225 quamcumque

1268 1247 1338 1284 per
1370 1235 1549 1284 Spiritum
1578 1242 1748 1270 sanctum
1783 1247 1802 1270 a
1830 1233 2005 1271 Patribus
2038 1235 2273 1281 institutam3

1271 1295 1301 1331 si
1323 1303 1358 1330 te
1383 1294 1652 1343 praedictorum
1681 1294 1869 1330 vermium
1897 1296 2157 1345 suggestiones
2182 1297 2278 1333 inci-

1271 1355 1382 1403 piunt
1402 1353 1606 1390 corrodere
1619 1382 1628 1399 ,
1649 1353 1796 1390 imitare
1817 1366 1947 1391 vaccas
1979 1355 2271 1404 Allophylorum

1273 1422 1468 1464 portantes
1496 1426 1619 1449 arcam
1643 1413 1795 1449 Domini
1819 1427 1826 1448 :
1851 1412 1966 1449 redde
1990 1415 2174 1463 mugitum
2191 1444 2201 1461 ,
2233 1415 2272 1451 id

1273 1482 1329 1510 est
1348 1474 1495 1522 signum
1518 1473 1695 1516 affectus,
1718 1472 1791 1508 hoc
1811 1481 1889 1518 est,
1912 1473 2091 1519 condole,
2113 1488 2275 1524 compa-

1276 1542 1367 1579 tere,
1387 1534 1583 1569 consolare
1600 1545 1665 1568 eos
1681 1533 1745 1581 qui
1761 1533 1920 1568 naturali
1937 1546 2066 1570 amore
2083 1533 2277 1583 conjuncti

1275 1601 1381 1639 sunt,
1398 1593 1516 1628 nihilo
1534 1601 1656 1628 tamen
1677 1592 1802 1628 minus
1815 1605 1923 1628 serva
1941 1592 2037 1628 viam
2054 1593 2274 1643 incoeptam,

1274 1653 1346 1689 hoc
1366 1660 1446 1696 est,
1478 1652 1619 1702 perfice
1640 1650 1783 1687 bonum
1810 1652 2048 1701 propositum
2077 1653 2275 1702 dirigendo

1275 1711 1390 1762 pedes
1422 1719 1505 1747 tuos
1530 1723 1661 1747 versus
1687 1710 1922 1754 Bethsanies,
1951 1724 2082 1748 versus
2108 1716 2275 1750 Domum

1276 1770 1385 1816 solis,
1417 1769 1489 1806 hoc
1515 1777 1594 1814 est,
1625 1768 1672 1805 ad
1702 1769 1887 1805 coelestem
1920 1771 2099 1819 patriam,
2128 1771 2194 1808 ubi
2220 1781 2277 1809 est

211 1829 373 1865 charitas
399 1830 470 1866 Dei
499 1837 625 1865 manet
650 1829 687 1865 in
719 1830 780 1865 te?
806 1832 904 1877 Ergo
933 1836 975 1864 ut
1001 1840 1152 1863 mancas
1171 1826 1209 1861 in
1227 1834 1254 1869 C
1274 1842 1420 1867 summa
1439 1837 1476 1865 et
1502 1828 1708 1878 spiritualis
1733 1827 1916 1865 habitatio
1944 1830 2032 1866 solis
2053 1832 2173 1868 nostri
2198 1835 2277 1869 Do-

212 1889 416 1934 eharitate,
446 1902 555 1926 mane
582 1902 667 1925 cum
696 1889 787 1934 illis3
818 1888 906 1937 quia
924 1888 1004 1924 sine
1031 1887 1211 1924 charitate

213 1948 305 1985 nihil
332 1948 502 1999 proderit
527 1948 615 1995 tibi,
638 1949 823 1998 quidquid
842 1962 940 1999 agas.
963 1947 1074 1995 Quod
1093 1947 1120 1983 si
1145 1945 1211 1982 tibi

213 2009 323 2044 etiam
347 2008 565 2058 prodesset,
588 2010 721 2046 melius
748 2017 872 2045 tamen
893 2016 990 2045 esset
1010 2016 1050 2043 ut
1071 2006 1212 2042 multos

215 2077 337 2105 tecum
355 2097 364 2114 ,
387 2082 498 2118 quam
514 2070 634 2106 solum
655 2078 689 2106 te
704 2082 887 2106 servares.
904 2067 1096 2117 Numquid
1114 2079 1212 2116 prae-

215 2136 366 2177 ceptum
394 2137 449 2165 est
477 2129 616 2166 alicubi
645 2143 665 2166 a
696 2129 884 2174 Domino,
919 2127 1100 2164 mundum
1129 2140 1214 2162 om-

215 2187 307 2224 nino
326 2187 373 2224 ab
392 2188 571 2226 omnibus
592 2189 783 2238 relinqui?
804 2189 904 2237 Quin
924 2196 962 2224 et
980 2187 1096 2236 magis
1116 2200 1213 2237 ope-

214 2246 318 2283 ribus
344 2248 612 2285 misericordiae
641 2247 1014 2285 commendabuntur
1043 2247 1151 2283 electi
1179 2254 1216 2282 et

214 2305 383 2342 salvandi
414 2306 453 2342 in
484 2307 645 2344 extremi
675 2307 858 2344 examinis
889 2307 962 2343 die.
994 2305 1093 2354 Quid
1126 2318 1216 2354 ergo

214 2364 353 2413 quaeris
372 2373 477 2402 extra
497 2365 682 2402 mundum
696 2395 706 2412 ,
733 2366 837 2415 quod
859 2366 898 2402 in
920 2365 1064 2401 mundo
1083 2365 1215 2401 melius

216 2422 354 2460 habere
376 2425 520 2474 poteris
545 2434 581 2462 et
605 2426 797 2462 securius?
826 2425 1031 2462 Adduntur
1051 2424 1108 2460 his
1128 2437 1216 2460 vcr-

217 2481 341 2520 mibus
363 2484 426 2520 alii
449 2498 597 2522 vermes
621 2485 827 2531 mortiferi,
850 2485 992 2521 scilicet
1017 2484 1217 2520 difficultas

218 2543 473 2580 claustralium
498 2553 802 2594 praeceptorum,
829 2553 866 2581 et
892 2543 997 2593 quod
1023 2543 1146 2592 major
1164 2552 1219 2580 est

219 2614 326 2638 casus
339 2631 349 2647 ,
369 2602 435 2639 ubi
457 2604 569 2640 altior
589 2604 748 2653 gradus;
769 2603 941 2640 ciborum
959 2604 1122 2654 parcitas
1136 2631 1145 2648 ‚
1163 2603 1219 2653 je-
1234 2612 1266 2646 D

215 2660 344 2709 junia,
371 2662 532 2711 vigiliae,
553 2662 803 2700 intolerabilis
830 2663 937 2699 labor
959 2665 1039 2700 sine
1065 2665 1218 2713 requie,

222 2720 361 2756 duritia
387 2721 593 2767 lectorum,
621 2722 761 2759 laboris
790 2723 1005 2768 assiduitas,
1036 2732 1073 2759 et
1103 2736 1218 2773 super

222 2780 349 2816 onmia
374 2780 654 2819 abrenuntiatio
682 2784 848 2832 propriae
875 2784 1105 2828 voluntatis,
1132 2797 1216 2820 cum

223 2839 393 2889 periculo
410 2841 588 2878 falsorum
607 2843 763 2878 fratrum
780 2871 789 2887 ,
808 2842 945 2879 duritia
962 2843 1217 2892 praelatorum.

224 2899 362 2947 Ecquis
381 2899 509 2936 omnia
526 2899 787 2937 enumerabit?
814 2900 1116 2938 Innumerabiles
1134 2909 1222 2938 sunt

225 2958 264 2993 hi
287 2970 434 2995 vermes
455 2960 702 3009 pessimarum
721 2962 1003 3011 suggestionum
1019 2991 1028 3007 ,
1047 2970 1221 2999 truncum

226 3017 317 3053 boni
337 3019 523 3067 propositi
543 3021 761 3070 gravissime
781 3022 1039 3058 corrodentes.
1058 3021 1222 3059 Omnino

227 3075 476 3113 resistendum
505 3087 560 3114 est
581 3079 636 3115 his
659 3080 852 3117 vermibus
866 3110 875 3126 ,
896 3081 1055 3117 omnino
1070 3109 1079 3126 ,
1106 3089 1141 3116 ct
1162 3094 1222 3117 sa-

228 3147 375 3170 crarum
392 3136 669 3186 Scripturarum
692 3139 901 3176 rationibus
919 3148 1007 3176 sunt
1021 3139 1218 3175 enecandi.

284 3192 344 3228 77.
372 3195 516 3232 Verulis
536 3196 650 3246 igitur
669 3197 732 3246 qui
755 3197 957 3235 indiscrete
976 3198 1071 3234 adeo
1095 3197 1221 3234 chari-

282 3326 470 3359 ‘Liir.x1v,
490 3325 543 3353 20.
564 3341 606 3345 —
625 3329 635 3344 ²
654 3327 663 3355 l
682 3327 757 3364 Reg.
775 3336 805 3354 vi
821 3349 827 3360 ,
852 3327 964 3355 10-112.

1278 1891 1371 1927 mini
1387 1894 1473 1927 Jesu
1487 1919 1496 1935 ,
1517 1890 1581 1938 qui
1598 1898 1654 1926 est
1673 1890 1727 1926 sol
1745 1888 1901 1938 justitiae
1915 1919 1924 1935 ‚
1941 1892 2005 1940 qui
2027 1891 2062 1927 in
2079 1892 2141 1928 illa
2159 1892 2275 1929 domo

1277 1950 1376 1986 lucet
1397 1949 1435 1985 in
1463 1949 1602 1985 virtute
1621 1962 1710 1995 sua,
1730 1949 1903 1986 habitans
1925 1951 2045 1987 lucem
2073 1951 2275 1989 inaccessi-

1279 2010 1407 2046 bilem.
1429 2009 1488 2047 Sic
1508 2017 1595 2046 sunt
1616 2008 1768 2045 odiendi
1786 2010 1915 2055 amici,
1937 2019 1976 2046 ut
1995 2011 2152 2048 affectus
2172 2026 2274 2049 amo-

1280 2070 1330 2105 ris
1358 2081 1446 2117 erga
1468 2068 1552 2104 illos
1573 2077 1821 2104 conservetur
1841 2083 1848 2103 :
1873 2069 1925 2105 sic
1946 2078 2034 2105 sunt
2053 2078 2089 2106 et
2109 2071 2275 2118 amandi,

1280 2137 1322 2164 ut
1339 2139 1470 2164 eorum
1488 2140 1595 2163 amor
1616 2140 1854 2176 nequaquam
1873 2128 1991 2163 amori
2011 2128 2079 2164 Dei
2099 2129 2280 2178 praefera-

1283 2196 1356 2224 tur.
1380 2190 1462 2223 Imo
1484 2199 1552 2222 nec
1578 2186 1711 2222 animae
1731 2194 1868 2222 nostrae
1895 2188 2137 2224 commodum
2158 2189 2279 2225 amori

1282 2247 1380 2283 illius
1409 2246 1590 2295 praeserre
1614 2244 1798 2282 debemus
1827 2261 1834 2282 :
1862 2246 1927 2282 sed
1956 2255 2133 2296 tanquam
2158 2248 2281 2285 odisse

1281 2307 1426 2343 animas
1447 2313 1595 2341 nostras
1614 2305 1817 2354 affligendo
1835 2306 1916 2342 illas
1933 2305 2104 2355 jejuniis,
2128 2307 2281 2358 vigiliis,

1282 2364 1610 2414 castigationibus,
1629 2372 1669 2400 ut
1685 2364 1890 2402 doceamus
1903 2378 1965 2402 eas
1978 2366 2178 2403 dominicis
2195 2367 2285 2404 obe-

1284 2425 1363 2461 dire
1390 2423 1602 2474 praeceptis.
1633 2426 1706 2459 Eos
1736 2435 1892 2472 quoque
1919 2436 2084 2473 quorum
2114 2425 2284 2474 inopiam

1283 2484 1441 2534 implere
1455 2495 1651 2533 possemus
1665 2482 1702 2519 in
1718 2483 1855 2519 saeculo
1870 2484 2144 2533 permanendo.
2163 2484 2286 2521 eidem

1285 2542 1638 2581 commendabimus
1655 2543 1941 2579 conservandos
1953 2571 1961 2584 ,
1981 2543 2046 2592 qui
2064 2552 2119 2580 est
2134 2547 2214 2580 Rex
2234 2558 2290 2581 re-

1287 2616 1389 2653 gum,
1410 2611 1445 2637 et
1461 2602 1566 2637 dives
1582 2602 1618 2636 in
1636 2614 1768 2637 omnes
1785 2602 1849 2650 qui
1867 2602 2046 2638 invocant
2060 2616 2161 2648 eum,
2178 2617 2289 2640 oran-

1286 2673 1340 2700 tes
1370 2670 1410 2698 ut
1439 2674 1570 2697 corum
1609 2668 1746 2696 statum
1781 2661 1831 2696 ita
1859 2659 2064 2710 gubernet,
2095 2662 2190 2698 sicut
2221 2664 2289 2699 scit

1285 2735 1417 2760 eorum
1436 2721 1546 2757 saluti
1571 2719 1763 2769 expedire.

1340 2782 1400 2818 78.
1411 2783 1595 2817 Caeterum
1617 2791 1763 2815 vermes
1779 2787 2021 2828 suggerentes
2036 2781 2292 2818 austeritatem

1289 2843 1374 2878 vitae
1396 2839 1599 2889 regularis,
1631 2838 1813 2874 velociter
1845 2838 2103 2886 necabuntur,
2132 2841 2160 2876 si
2187 2854 2293 2878 men-

1291 2911 1364 2938 tem
1401 2908 1568 2936 nostram
1600 2898 1773 2947 myrrha,
1802 2898 1840 2933 id
1865 2907 1920 2934 est
1946 2899 2198 2937 amaritudine
2224 2901 2293 2937 do-

1291 2961 1437 2997 minieae
1462 2958 1669 3008 passionis,
1704 2958 1962 2994 curaverimus
1995 2958 2177 3008 inungere
2194 2989 2203 3005 ‚
2232 2961 2292 2997 cui

1289 3017 1474 3069 quidquid
1494 3018 1567 3066 pati
1591 3017 1826 3066 potuerimus
1846 3027 2106 3067 comparatum
2119 3047 2128 3064 ‚
2149 3028 2213 3056 aut
2230 3034 2292 3070 pa-

1291 3091 1396 3123 rum,
1417 3085 1479 3113 aut
1502 3076 1592 3112 nihil
1613 3076 1753 3125 poterit
1777 3077 1968 3113 aestimari.
1996 3081 2090 3114 Sunt
2112 3088 2236 3116 autem
2253 3080 2290 3116 1ιί

1290 3150 1438 3174 vermes
1462 3137 1624 3173 maxime
1646 3137 1853 3186 importuni
1875 3138 2072 3187 proposito
2099 3140 2267 3189 xii-ginali
2284 3170 2292 3183 ,

1290 3212 1336 3233 eo
1355 3196 1457 3248 quod
1476 3196 1654 3246 magister
1671 3197 1854 3233 vermium
1875 3197 2104 3244 Beelzebub,
2125 3200 2189 3247 qui
2212 3201 2292 3251 pri-
