2504 3928
347 136 412 170 1113

341 211 452 247 nunt«.
473 209 544 244 alio
566 208 700 242 iturum
724 221 760 238 se
774 204 927 247 diecret,
945 216 1054 252 quani
1072 203 1134 239 ubi
1151 203 1322 239 dilectam
1339 202 1352 219 '⁴'

1089 129 1377 163 ‹llljjilttiu'l't
1411 128 1608 162 ‚inlinis

2311 130 2381 166 196

1394 203 1429 238 in
1456 215 1532 250 quo
1562 202 1696 236 futur-1¹„
1731 200 2096 249 int-(irruptibilitatis
2129 203 2177 238 uil
2210 204 2382 252 magnili-

340 282 419 304 esse
440 266 612 314 coguovit
630 267 642 299 ἰ’
662 263 760 298 Sit-ut
780 262 878 297 enim
904 262 964 298 illa
983 261 1090 298 avide
1113 270 1322 311 exspectat,
1344 261 1370 294 A
1395 274 1502 306 eum,
1525 260 1574 296 nil
1605 260 1791 303 eminens,
1819 260 1868 295 uil
1892 260 1957 295 nisi
1980 260 2025 296 ad
2056 261 2183 297 horam
2205 258 2383 311 apparet?

340 328 391 364 sie
409 328 468 363 ille
485 325 658 361 ardenter
673 329 862 372 properat.
888 323 1043 366 Vadam,
1066 321 1204 370 iuquit,
1225 323 1324 357 milti.

342 386 440 434 Quid
475 385 588 432 ergo?
619 394 766 430 sponsae
791 393 865 416 non
900 380 1030 416 vadit?
1058 394 1103 416 an
1138 380 1221 417 ideo
1256 380 1324 416 sibi

341 445 409 494 ipsi
431 443 531 479 vadit
556 440 658 490 quud
685 440 731 475 ad
752 439 850 474 illam
873 439 1005 475 vadit?
1039 441 1181 474 l'adam
1213 445 1325 488 ergo,

341 503 480 551 inquit,
501 501 603 535 milii.
628 498 716 535 Mihi
739 497 891 542 vadam,
913 511 987 533 non
1009 498 1077 533 soli
1101 498 1153 533 illi
1177 498 1322 534 vadam.

341 566 422 598 'Non
445 559 506 596 illa
538 559 616 595 sola
643 557 688 594 de
718 570 802 593 meo
830 558 929 607 capit
956 558 1119 594 adventu
1140 558 1324 602 lsi-titiam,

341 621 403 656 sed
430 629 463 656 et
493 619 581 654 mihi
614 616 858 653 nihilominus
889 617 1114 653 alacritatem
1147 616 1323 653 refundit.

342 680 430 716 Mihi
452 679 582 723 dulce,
611 676 700 712 mihi
721 675 931 724 jucundum
957 684 1013 711 est
1037 675 1139 724 quod
1159 675 1205 711 ad
1226 676 1324 711 illam

341 739 450 775 vado.
470 741 549 774 Jam
573 736 704 772 vadam
727 735 827 771 mihi.
847 734 936 771 Mihi
956 735 1006 770 sie
1027 734 1080 770 ire
1093 734 1254 783 prolicit,
1269 746 1327 769 me

341 796 609 834 delectabiliter
626 795 755 839 allicit,
772 793 856 829 ideo
873 793 1003 829 vadam
1025 793 1125 829 mihi.
1140 797 1220 830 Jam
1239 793 1328 829 mihi

341 857 387 893 de
423 863 549 892 monte
583 853 744 902 myrrhre
778 853 900 889 suavis
933 852 1071 900 aspirat
1106 852 1328 901 fragrantia,

343 916 427 952 ideo
454 914 585 950 vadam
615 912 732 948 odore
762 912 920 947 illectus.
943 910 1083 947 Vadam
1112 910 1223 955 mihi,
1244 911 1330 959 quia

1396 325 1530 357 Beatus
1548 321 1658 369 plane
1679 332 1805 364 mons,
1823 319 1886 368 qui
1908 319 2017 368 hujus
2038 320 2199 368 myrrhae
2217 321 2383 369 germine

1395 379 1564 427 undique
1584 378 1759 423 vestitur,
1788 391 1862 414 nou
1890 379 2119 428 respergitur
2144 392 2213 428 per
2241 388 2382 429 partes,

1394 439 1442 474 nil
1466 438 1502 474 iu
1522 452 1560 474 se
1579 437 1745 482 nudum,
1772 437 1823 472 nil
1843 436 1983 474 habens
2003 438 2146 482 sterile,
2175 438 2239 474 sed
2264 447 2381 475 totum

1395 498 1461 533 hae
1486 497 1578 533 l'eliei
1605 495 1806 532 secundum
1824 496 1958 545 specie.
1980 497 2181 544 Quomodo
2204 511 2279 534 non
2299 498 2384 535 bea-

1395 565 1470 600 tus,
1491 557 1554 605 qui
1573 556 1758 593 Christum
1780 555 1826 591 ad
1847 568 1884 591 se
1904 556 2015 592 trahit
2034 557 2069 592 in
2092 557 2147 593 sui
2165 557 2282 594 odore
2297 570 2383 594 aro-

1390 616 1522 652 matis?
1542 620 1666 652 Bonus
1685 615 1781 651 odor
1800 628 1874 651 non
1898 623 2042 651 tantum
2056 616 2211 665 Leprosi
2229 616 2382 653 domum

1392 675 1541 724 replens
1571 675 1583 700 ⁴³
1599 703 1607 719 ‚
1639 674 1703 711 sed
1725 674 1834 710 etiam
1858 675 1938 711 coeli
1961 675 2160 724 palatium,
2181 675 2383 713 thalamum

1393 733 1532 782 sponsi.
1555 736 1680 769 Bonus
1700 732 1796 769 odor
1812 734 1921 782 plane
1939 746 2079 783 sponso
2097 734 2265 780 Christo,
2284 734 2384 771 inter

1395 792 1492 841 ipsas
1513 792 1658 828 deitatis
1671 801 1798 841 gratus
1812 792 1972 829 delicias.
1992 793 2163 842 Denique
2179 807 2292 843 super
2307 802 2385 830 tan-

1397 858 1450 886 tas
1470 850 1620 886 delicias
1636 879 1645 896 ,
1674 851 1816 887 deliciae
1844 860 1966 887 tamen
1989 851 2071 900 ejus
2091 865 2170 888 esse
2192 852 2228 888 in
2255 861 2383 889 monte

1396 909 1571 958 myrrbae.
1604 909 1693 946 Ideo
1714 910 1803 946 dicit
1825 924 1831 945 :
1859 913 2024 955 Vadam,
2046 911 2188 959 inquit,
2212 912 2303 947 mihi
2333 913 2388 947 ad

343 974 482 1010 delieiae
509 985 600 1009 meae
626 984 709 1007 eum
735 982 873 1019 sponsa
905 968 1056 1004 morari.
1086 972 1212 1014 Itane,
1243 972 1330 1005 ,lesu
1351 970 1378 1003 B
1397 978 1555 1004 'nantem
1577 969 1748 1016 myrrltoe.

341 1034 458 1078 bone,
488 1032 533 1068 de
564 1044 711 1080 sponsae
743 1028 933 1077 colloquio
963 1027 1236 1064 oblectamenta
1264 1026 1330 1063 tibi

341 1100 488 1142 captas,
525 1090 609 1126 ideo
632 1088 697 1125 tibi
731 1087 858 1132 vadis,
893 1100 961 1123 nec
991 1086 1094 1122 velut
1122 1085 1331 1123 fastidiosus

319 1159 486 1188 -amator
513 1149 676 1185 declinas
705 1160 789 1183 cum
822 1146 1050 1192 excluderis,
1084 1145 1149 1183 sed
1180 1154 1252 1182 stas
1283 1145 1330 1182 ad

342 1211 504 1247 ostium?
528 1212 609 1245 Stas
635 1215 671 1243 et
701 1207 848 1255 pulsaS,
879 1214 916 1241 ct
939 1205 1137 1254 quamdam
1172 1206 1330 1255 repulsae

340 1282 471 1319 passus
494 1267 688 1317 injuriam,
706 1275 778 1303 stas
805 1274 927 1301 tamen
952 1273 988 1301 et
1013 1265 1159 1314 pulsas,
1186 1273 1328 1301 tantum

341 1338 383 1365 ut
403 1328 602 1378 aperiatur.
628 1331 792 1376 Asperge
808 1353 817 1371 ,
845 1328 1010 1373 Sponsa,
1032 1337 1187 1374 asperge
1207 1323 1330 1360 cubile

342 1397 448 1425 tuum
472 1386 623 1435 myrrha
650 1394 685 1421 et
707 1385 799 1421 aloe.
818 1384 986 1421 Christus
1011 1383 1047 1419 in
1071 1383 1189 1419 odore
1213 1382 1332 1419 currit

341 1454 620 1495 unguentorum
658 1452 820 1480 tuorum.
861 1447 1026 1493 Asperge
1064 1441 1187 1479 cubile
1224 1450 1329 1478 tuum

342 1505 494 1553 myrrha
513 1532 523 1549 ,
546 1516 658 1552 quam
679 1503 815 1539 Paulus
842 1509 1112 1538 commemorat
1136 1515 1144 1537 :
1166 1503 1327 1546 Mortui,

341 1563 485 1612 inquit,
515 1566 623 1606 estis,
650 1569 684 1596 et
711 1565 790 1597 vita
819 1569 939 1596 vestra
967 1560 1145 1596 absconsa
1171 1569 1224 1595 est
1249 1573 1329 1595 cum

346 1623 487 1657 Christo
508 1627 530 1656 ¹.
547 1620 623 1656 Tali
645 1619 797 1667 myrrha
812 1632 985 1667 asperge,
1001 1619 1126 1667 irriga,
1147 1617 1330 1668 perfunde

341 1680 463 1717 cubile
495 1688 619 1724 tuum,
650 1678 707 1714 vel
748 1677 875 1727 potius
904 1686 983 1714 esto
1012 1691 1121 1714 mons
1154 1677 1328 1726 myrrhae.

1449 1029 1483 1065 si.
1511 1031 1542 1065 Ο
1562 1028 1711 1064 beatum
1740 1036 1907 1064 montem
1934 1028 1980 1064 ad
2003 1040 2113 1077 quem
2141 1027 2267 1075 vadis,
2296 1031 2384 1065 Jesu

1395 1086 1506 1133 bone,
1528 1087 1573 1123 ad
1596 1100 1707 1136 quem
1729 1087 1847 1132 venis,
1867 1100 1978 1135 quem
2001 1086 2252 1136 perambulas,
2272 1100 2384 1136 quem

1395 1145 1602 1192 inhabitas,
1630 1154 1667 1181 et
1698 1144 1883 1182 inhabitas
1913 1146 1949 1181 in
1980 1147 2091 1182 linem
2115 1158 2122 1180 ε
2152 1158 2262 1194 quem
2284 1146 2386 1183 solus

1395 1204 1594 1250 inhabitas,
1614 1213 1649 1241 et
1666 1205 1735 1241 hoc
1751 1217 1869 1254 usque
1889 1204 1935 1240 ad
1956 1205 2158 1242 terminum
2172 1204 2256 1241 loci.
2276 1205 2382 1250 Veni,

1395 1268 1482 1301 Jesu
1495 1293 1504 1310 ,
1522 1265 1644 1314 incipe
1658 1264 1757 1300 hunc
1770 1272 1935 1300 montem
1949 1264 2154 1313 possidere.
2168 1264 2300 1301 Nullus
2318 1263 2386 1301 tibi

1395 1324 1639 1372 quaestionem
1675 1332 1844 1368 moveat,
1881 1323 2006 1360 nullus
2032 1323 2129 1360 (licat
2159 1336 2166 1358 ε
2194 1323 2385 1372 Numquid

1395 1382 1579 1419 habitabis
1608 1383 1644 1418 in
1672 1383 1744 1418 hoc
1773 1391 1901 1420 monte
1931 1391 1968 1419 tu
1999 1383 2125 1419 solus?
2145 1386 2252 1420 Mons
2279 1382 2385 1430 uber,

1396 1454 1504 1477 mons
1525 1441 1690 1490 pinguis,
1720 1455 1827 1479 mons
1858 1441 2074 1488 abundans,
2094 1455 2202 1478 mons
2227 1442 2386 1480 affluens

1396 1501 1607 1549 unguentis.
1637 1504 1726 1537 Ilaec
1756 1509 1947 1550 unguenta
1977 1501 2160 1538 exinaniri
2191 1514 2268 1537 non
2297 1514 2387 1550 pos-

1395 1568 1494 1596 sunt.
1529 1563 1662 1608 Magna
1695 1560 1794 1595 enim
1828 1561 2011 1609 unguenti
2046 1561 2163 1598 moles
2190 1561 2230 1597 in
2258 1569 2386 1597 monte

1397 1619 1570 1666 myrrhae.
1590 1623 1671 1656 Non
1693 1619 1867 1655 deficient
1884 1628 2075 1668 unguenta
2091 1619 2137 1656 de
2150 1620 2222 1656 hoc
2236 1627 2384 1656 monte:

1396 1676 1481 1712 ideo
1505 1676 1567 1725 qui
1589 1676 1690 1712 vadit
1713 1677 1758 1712 ad
1789 1685 1953 1712 montem
1980 1677 2163 1726 myrrhae,
2185 1677 2386 1726 unguentis

340 1739 504 1777 Uberior
517 1739 614 1774 enim
629 1737 759 1786 gratia,
774 1736 839 1773 ubi
858 1736 1008 1785 myrrha
1022 1736 1201 1781 nascitur,
1216 1748 1328 1784 quam
1349 1736 1376 1771 C
1397 1748 1472 1771 non
1488 1734 1690 1784 indigebit,
1711 1749 1757 1771 ne
1770 1735 2024 1772 odoramentis
2039 1736 2213 1786 quidem,
2233 1737 2297 1785 qui
2317 1750 2385 1773 va-

341 1798 406 1834 ubi
439 1798 680 1847 respergitur.
714 1799 757 1832 In
790 1796 859 1832 hoc
890 1804 1018 1832 monte
1037 1796 1180 1831 colloca
1208 1794 1330 1831 cubile

342 1856 427 1902 tibi,
460 1857 534 1892 imo
563 1856 717 1900 dilecto,
748 1856 785 1890 in
816 1855 977 1903 quadam
1009 1855 1170 1903 myrrhae
1197 1854 1328 1903 copia,

342 1914 408 1950 ubi
439 1915 517 1950 haec
548 1914 690 1962 speeies
719 1914 922 1949 aromatica
947 1913 1061 1961 magis
1077 1913 1198 1949 oritur
1218 1925 1329 1961 quam

340 1973 551 2010 advehitur.

394 2036 428 2070 3.
456 2038 498 2070 In
534 2034 659 2069 multis
689 2033 888 2081 Scripturae
922 2032 1013 2067 locis
1048 2044 1135 2068 usus
1171 2031 1333 2079 myrrhae

341 2092 386 2129 ad
421 2092 595 2141 mysteria
627 2092 799 2127 sumitur.
835 2093 928 2128 Cum
965 2090 1117 2138 myrrha
1153 2090 1248 2138 Magi
1287 2089 1333 2124 ad

341 2152 527 2189 Christum
549 2151 705 2187 veniunt
721 2155 745 2185 ².
768 2151 876 2184 Venit
901 2159 935 2184 ec
963 2151 1186 2184 Nicmlenms
1204 2147 1333 2195 ferens

343 2216 544 2247 mixturam
575 2212 756 2256 myrrhoe,
785 2213 892 2256 qnasi
912 2208 1021 2244 libras
1042 2217 1184 2243 eentum
1210 2207 1237 2243 ³.
1254 2211 1334 2243 Ma—

342 2283 414 2318 gna
429 2269 488 2305 hic
511 2269 617 2318 copia
637 2284 643 2304 :
663 2268 725 2304 sed
744 2268 835 2316 quid
849 2267 894 2303 ad
912 2267 1151 2303 collationem
1174 2266 1333 2302 montis?

342 2330 493 2369 Fereus,
526 2327 667 2376 inquit,
697 2326 734 2362 id
751 2334 806 2363 est
821 2339 944 2362 secum
969 2326 1108 2370 serens,
1132 2337 1208 2360 non
1229 2337 1274 2360 ex
1295 2337 1333 2360 50

341 2386 537 2435 proferens
559 2400 565 2421 :
589 2394 766 2434 portans,
803 2398 878 2420 non
913 2384 1066 2433 patiens.
1098 2387 1199 2419 Bona
1228 2391 1331 2419 utra-

343 2458 434 2493 que,
463 2453 500 2480 et
527 2457 609 2492 quae
642 2444 815 2488 ol‘l‘ertur,
840 2451 876 2478 et
901 2456 985 2491 quze
1004 2443 1138 2487 oritur,
1171 2442 1234 2477 sed
1265 2443 1332 2478 ista

1397 1794 1451 1831 dit
1474 1794 1520 1830 ad
1540 1795 1653 1831 colles
1678 1794 1823 1831 Libani.
1850 1799 1933 1832 Non
1956 1796 2054 1832 enim
2083 1796 2258 1833 deficient
2277 1797 2387 1833 thura

1397 1853 1443 1889 de
1463 1852 1619 1890 Libano.
1636 1857 1729 1889 Nam
1747 1862 1783 1889 et
1802 1853 1987 1890 Libanum
2008 1853 2138 1890 dicunt
2162 1854 2246 1891 thus
2274 1855 2388 1891 intel-

1398 1912 1471 1962 ligi.
1490 1913 1582 1949 Veni
1598 1940 1606 1956 ,
1638 1916 1725 1948 Jesu
1746 1911 1868 1958 bone,
1895 1912 1941 1948 ad
1968 1913 2038 1948 hos
2058 1913 2188 1959 eolles,
2212 1922 2251 1949 ut
2271 1913 2389 1950 fluant

1398 1972 1505 2008 thura
1520 1986 1538 2008 a
1559 1972 1649 2008 facie
1663 1980 1736 2007 tua.
1750 1975 1780 2009 O
1795 1980 1957 2021 quantus
1970 1973 2111 2009 incensi
2127 1973 2249 2009 fumus
2260 1987 2388 2010 ascen—

1398 2030 1452 2066 dit
1469 2031 1514 2066 de
1531 2029 1688 2066 collibus
1709 2030 1787 2066 istis
1806 2044 1890 2067 cum
1908 2039 1984 2077 tuo,
2003 2031 2079 2067 imo
2097 2045 2181 2068 cum
2201 2040 2236 2068 te
2250 2032 2390 2069 suerint

1398 2089 1482 2137 igne
1500 2089 1690 2125 succensi!
1712 2092 1883 2137 Magnam
1905 2089 2017 2125 habet
2032 2090 2069 2126 in
2095 2089 2254 2127 collibus
2271 2091 2388 2129 thuris

1400 2148 1496 2196 ignis
1516 2156 1601 2183 tuus
1620 2147 1810 2183 materiam
1830 2148 1979 2196 pabuli,
2000 2157 2036 2184 et
2056 2162 2231 2198 magnum
2246 2150 2388 2187 incensi

1401 2205 1580 2242 fomitem.
1601 2209 1683 2242 Non
1700 2205 1773 2241 cito
1790 2215 2066 2243 consumuntur
2086 2207 2164 2244 haec
2181 2208 2304 2244 thura.
2321 2212 2387 2245 In-

1399 2265 1499 2301 censi
1527 2264 1638 2312 hujus
1666 2266 1788 2301 fumus
1817 2278 1892 2301 non
1924 2266 2028 2301 facile
2048 2266 2248 2303 evanescit.
2271 2271 2388 2304 Tanta

1401 2323 1518 2360 thuris
1540 2323 1673 2368 moles,
1700 2331 1800 2359 tanta
1818 2324 1924 2374 eopia
1949 2325 2054 2361 collis
2071 2325 2190 2362 thuris
2213 2339 2288 2362 non
2314 2339 2386 2376 po-

1400 2390 1467 2418 test
1489 2382 1629 2431 pugillo
1649 2382 1847 2428 concludi,
1878 2396 1953 2419 non
1980 2384 2250 2434 comprehendi
2268 2385 2388 2422 thuri-

1398 2439 1488 2476 bulo
1508 2455 1515 2475 :
1535 2440 1686 2475 vasculo
1716 2453 1790 2476 non
1821 2441 1979 2490 capitur,
2008 2455 2219 2479 mensuram
2247 2443 2385 2489 nescit,

341 2504 478 2552 potior.
505 2504 672 2551 Denique
694 2503 753 2537 illa
775 2502 818 2537 ad
841 2502 1027 2539 Christum
1050 2501 1262 2546 advehitur,
1282 2500 1327 2537 ad
1346 2503 1376 2535 D
1394 2499 1479 2548 quia
1510 2499 1625 2534 nescit
1654 2499 1863 2536 intermitti.
1887 2504 1985 2537 Bene
2011 2514 2099 2550 ergo
2121 2502 2226 2538 collis
2252 2502 2384 2548 thuris,

342 2562 437 2598 hanc
473 2562 550 2611 ipse
583 2561 695 2597 vadit.
720 2562 826 2597 Vadit
857 2562 955 2597 euim
991 2561 1058 2597 sibi
1090 2561 1135 2597 ad
1166 2569 1332 2596 montem

345 2622 518 2669 myrrhae.
545 2625 639 2656 Bene
655 2634 760 2657 mons
776 2621 949 2668 myrrhze,
970 2620 1033 2669 qui
1052 2628 1211 2655 mortem
1227 2619 1332 2656 Chri—

343 2681 386 2716 sti
420 2681 635 2716 circumfert
663 2680 698 2715 in
729 2694 766 2715 se
805 2680 904 2728 ip50,
937 2693 1012 2715 non
1043 2680 1077 2715 in
1105 2687 1230 2728 parte3
1265 2691 1332 2714 nec

343 2739 446 2787 quasi
470 2752 695 2788 respersam,
713 2739 776 2774 sed
799 2738 951 2775 uberem
966 2768 975 2784 ,
992 2747 1029 2774 et
1047 2738 1277 2783 continuam,
1296 2746 1333 2773 et

342 2798 568 2833 eminentem
588 2812 594 2832 :
618 2811 684 2832 nec
703 2798 746 2833 ad
771 2798 898 2833 horam
921 2806 957 2833 et
973 2798 1079 2846 quasi
1100 2806 1332 2833 veterascen-

344 2866 435 2901 tem,
462 2857 525 2892 sed
550 2858 664 2902 magis
699 2865 966 2893 renascentem.
987 2861 1084 2893 Bene
1105 2869 1212 2892 mons
1231 2869 1331 2904 myr-

344 2916 439 2960 rhae,
471 2915 534 2963 qui
567 2915 701 2951 Christi
724 2916 759 2950 in
790 2928 827 2950 se
856 2916 1183 2951 mortificationem
1213 2923 1249 2950 et
1271 2914 1330 2949 in-

342 2973 694 3023 eorruptibilitatem
727 2975 946 3022 quamdam,
975 2984 1011 3010 et
1046 2973 1332 3011 resurrectionis

343 3034 476 3069 sutura·
497 3033 694 3081 imaginem
718 3047 792 3069 nou
819 3042 890 3069 tam
912 3043 1028 3081 gestat
1048 3047 1159 3083 quam
1192 3033 1330 3082 germi-

343 3101 417 3129 nat.
445 3092 633 3141 Numquid
653 3092 714 3128 tibi
736 3106 842 3129 mons
861 3094 1021 3141 myrrhae
1040 3093 1157 3130 videri
1186 3100 1329 3141 potest,

390 3225 394 3237 ¹
417 3218 531 3248 Coloss.
550 3229 585 3246 ιιι
600 3242 606 3249 ,

1398 2558 1462 2607 qui
1480 2558 1557 2593 siue
1576 2557 1849 2594 intermissione
1866 2567 1948 2595 orat
1961 2568 2018 2604 ,et
2032 2588 2041 2605 ‚
2061 2560 2164 2609 quod
2183 2561 2299 2598 satius
2315 2569 2384 2607 est,

1398 2619 1476 2655 sine
1504 2618 1722 2654 remissione
1751 2632 1757 2652 :
1788 2619 1852 2667 qui
1887 2619 1923 2654 in
1953 2620 2124 2656 oratione
2158 2620 2248 2657 nihil
2276 2619 2388 2657 habet

1399 2678 1612 2721 remissum,
1631 2677 1679 2712 nil
1702 2677 1796 2713 exile
1809 2706 1818 2723 ,
1844 2677 1907 2714 sed
1926 2678 2028 2714 velut
2048 2678 2242 2727 eujusdam
2261 2680 2387 2716 sorna—

1397 2737 1447 2772 eis
1471 2749 1612 2784 magum
1642 2736 1765 2771 sumus
1795 2737 2021 2785 pinguescit,
2051 2738 2101 2773 sic
2136 2738 2386 2787 pinguescen-

1400 2795 1489 2830 tium
1513 2803 1685 2830 votorum
1709 2803 1746 2830 et
1769 2794 1943 2831 desiderii
1969 2795 2208 2832 exuberantis
2224 2797 2299 2846 agit
2314 2809 2387 2834 vo-

1399 2853 1553 2889 lumina.
1572 2853 1662 2890 Veni
1680 2867 1783 2902 ergo,
1806 2858 1893 2890 ,lesu
1913 2853 2023 2900 bone,
2045 2854 2090 2890 ad
2111 2856 2224 2891 colles
2244 2855 2383 2892 thuris:

1396 2913 1589 2963 copiosum
1624 2913 1805 2949 orationis
1836 2913 2028 2950 incensum
2064 2914 2244 2963 fumigant
2276 2927 2385 2951 mon-

1399 2982 1470 3018 tes,
1495 2985 1588 3021 quos
1617 2971 1745 3020 tangis.
1774 2972 1871 3019 Quid
1901 2973 2041 3018 simile,
2069 2974 2223 3018 fratres,
2246 2972 2384 3009 habent

1397 3031 1584 3067 orationes
1613 3031 1778 3065 nostrfe?
1797 3043 1907 3078 quam
1936 3031 2011 3067 cito
2035 3031 2142 3067 thura
2162 3039 2288 3068 nostra
2310 3032 2386 3068 ina-

1398 3091 1572 3127 nescunt!
1604 3092 1646 3124 tit
1684 3089 1964 3138 quodammodo
1995 3090 2054 3126 vix
2088 3090 2381 3136 sueeemluntur,

624 3221 653 3248 3.
690 3238 708 3240 ⁴⁷
734 3225 743 3240 ²
761 3218 869 3249 Matth.
892 3230 926 3249 ιι,
951 3222 998 3248 11.
1023 3238 1060 3241 —
1081 3217 1092 3240 3
1110 3221 1201 3249 Joan.
1224 3230 1302 3251 xix.
1326 3222 1378 3249 Ἤ).
1399 3236 1435 3239 -
1460 3217 1472 3243 4
1496 3216 1608 3248 Manli.
1637 3228 1733 3253 xxvi,
1759 3222 1797 3252 ὓ,
1817 3220 1844 3248 7.
