2504 3928
318 220 412 258 1007

312 296 565 345 colaphizabat
587 303 612 332 ¹.
641 299 809 346 Uterque
839 308 928 345 ergo
968 298 1159 347 apostolus
1190 300 1292 337 cola·
1304 298 1334 317 ⁸⁰

1007 223 1276 260 MEDITATIO
1304 225 1351 260 m
1384 224 1649 260 PASSIONEM

1341 299 1350 318 ⁴
1364 300 1484 336 carnis
1497 298 1522 334 ³.
1545 299 1705 335 Effertur
1718 297 1933 335 adolescens
1948 298 1995 335 de
2008 298 2121 335 domo
2135 299 2179 336 ad
2194 308 2341 349 portam

2244 224 2341 260 1008

315 355 480 402 phizatus
495 363 562 400 est,
581 364 739 404 uterque
757 363 811 391 ter
828 355 1061 406 naufragium
1079 370 1207 406 passus
1223 367 1295 403 cst;
1314 360 1341 393 Α
1361 359 1519 395 civitatis
1541 358 1586 394 ad
1612 358 1766 394 Pilatum
1782 385 1792 401 ,
1815 356 1878 392 ubi
1901 357 2004 393 sedet
2024 357 2161 394 Pilatus
2182 371 2251 407 pro
2273 359 2340 395 tri-

315 412 375 447 illc
393 413 491 448 intus
505 442 514 457 ‚
533 415 598 449 iste
621 415 720 450 foris.
740 415 922 451 Voluisset
940 424 1084 452 satanas
1098 444 1107 461 ‚
1126 417 1154 452 si
1173 425 1295 453 tamen

313 471 473 507 licuisset
487 472 533 516 ci,
552 472 691 509 tamdiu
710 477 857 509 Petrum
875 474 1141 523 colaphizando
1156 475 1297 512 cribra—

314 542 352 564 re
373 530 465 565 sicut
485 531 663 577 triticum,
683 531 803 567 donec
818 545 966 568 omnem
981 532 1027 569 ab
1048 546 1093 569 eo
1112 533 1196 570 lidei
1219 547 1297 570 me-

314 587 451 625 dullam
468 591 700 626 excussisset.
719 590 790 627 Sed
807 605 885 638 ega,
904 592 1037 640 inquit,
1053 593 1173 637 Pare,
1190 607 1298 641 roga—

313 652 346 682 ei
357 660 427 696 pro
442 658 488 692 tv,
507 659 546 684 ut
563 664 634 685 1107!
651 652 906 697 deficiat—fides
918 660 980 686 (αα
996 665 1006 685 .·
1024 651 1122 687 unde
1137 656 1300 700 respexit

312 720 392 741 eum
420 707 609 753 (tin-istus,
635 719 670 744 ce
701 723 864 756 egresms
884 708 994 755 saras
1013 711 1120 756 flevit
1151 724 1291 745 muare.

312 766 467 802 'l'anidiu
493 768 623 804 faciem
657 768 786 804 habuit
803 769 961 805 velatam
996 772 1148 814 Petrus,
1176 769 1295 805 donec

312 826 475 874 respexit
497 840 581 862 cum
605 827 783 864 Christus.
801 828 872 865 Sed
894 828 1076 877 numquid
1093 842 1166 865 non
1185 828 1293 864 etiam

311 884 414 932 prius
437 894 633 934 negantem
654 886 897 936 respiciebat?
914 887 1031 924 Etiam
1051 903 1058 924 :
1077 888 1140 924 sed
1166 891 1295 924 Petrus

311 945 570 993 respicientem
595 959 632 982 se
651 946 837 983 Christum
862 959 937 982 non
956 946 1190 996 respiciebat,
1207 946 1295 995 quia

310 1003 467 1039 velatam
486 1004 613 1039 faciem
636 1003 807 1040 habebat.
829 1005 939 1042 Unde
955 1004 1050 1041 bene
1066 1006 1160 1041 alius
1175 1018 1294 1041 cvan-

1362 417 1502 454 bunali.
1533 421 1574 454 ln
1606 425 1713 466 porta
1737 416 1836 452 enini
1861 416 2044 464 judicium
2075 417 2153 453 fieri
2184 417 2339 454 solebat.

1362 478 1500 513 Pilatus
1529 485 1652 513 autem
1684 476 1959 525 apprehensum
1993 476 2203 526 flagellavit.
2239 479 2344 526 Saepc

1363 536 1450 572 dum
1469 537 1577 585 culpa
1593 535 1784 583 retegitur,
1802 548 1868 584 per
1883 535 2153 584 impudentiam
2173 546 2346 585 peccato-

1366 608 1446 630 rum
1469 595 1686 631 effrenatur.
1708 599 1903 642 Augentur
1932 594 2087 642 flagitia,
2108 595 2224 644 plagae
2246 598 2344 633 mul·

1367 655 1591 703 tiplicantur.
1633 654 1747 690 Multa
1780 653 1879 689 enim
1917 653 2060 701 flagella
2093 655 2340 703 peccatoris&

1365 714 1430 749 llis
1454 713 1606 761 flagellis
1626 721 1663 749 et
1682 713 1826 749 Pharao
1844 712 2009 748 caedebat
2026 712 2119 749 lilios
2136 714 2263 749 Israel.

1412 774 1448 807 9.
1473 777 1559 809 Post
1574 773 1651 808 haec
1667 771 1824 808 traditur
1839 770 2019 807 militibus
2035 771 2080 807 ad
2096 771 2343 809 illudendum.

1360 833 1445 879 Ipsa
1468 839 1522 867 cst
1546 830 1708 879 nequitia
1729 830 1932 879 spiritualis
1956 830 2108 866 militiae.
2130 830 2222 868 Vide
2242 831 2346 868 ordi-

1362 902 1444 925 nem
1466 890 1633 926 miseriae.
1655 894 1684 926 A
1706 889 1940 939 principibus
1962 890 2196 926 sacerdotum
2225 891 2344 927 tradi-

1363 957 1423 985 tur
1443 949 1601 998 principi
1632 948 1892 993 tenebrarum,
1916 949 1979 997 qui
2002 948 2155 997 flagellis
2180 950 2255 986 suis
2275 949 2345 986 sibi

1362 1009 1611 1057 mancipatum
1624 1036 1633 1053 ,
1652 1007 1830 1043 militibus
1850 1007 1924 1043 suis
1944 1007 2119 1056 exposuit
2137 1008 2247 1044 altius
2264 1008 2347 1044 illu-

309 1062 436 1109 gelista
455 1078 462 1098 :
480 1065 529 1098 Ec
552 1066 762 1100 recordatus
781 1074 854 1108 est,
874 1064 1009 1114 inquit,
1031 1067 1194 1101 Fen-105².
1218 1068 1293 1101 Rc-
1315 1069 1341 1102 B
1360 1068 1545 1114 denduin,
1581 1078 1616 1104 ct
1647 1076 1776 1118 postea
1806 1068 2006 1103 novissime
2035 1067 2343 1116 crucifigendum.

311 1121 479 1157 con-datio
499 1123 620 1167 Petri,
642 1131 830 1172 respectus
849 1123 917 1159 suit
932 1123 1075 1160 Christi.
1097 1127 1195 1172 Ergo
1212 1137 1296 1160 cum

309 1188 501 1228 peccatum
520 1181 742 1228 recordaris,
756 1195 775 1218 a
791 1182 937 1219 Christo
954 1182 1104 1228 videris,
1120 1183 1194 1219 imo
1209 1182 1297 1219 sub-

310 1239 385 1274 lato
403 1240 586 1276 velamine
600 1241 784 1277 Christum
805 1241 919 1277 rides.
940 1244 988 1277 Et
1003 1255 1165 1289 egressus
1174 1241 1294 1288 foras.

309 1301 511 1347 Propterea
538 1299 716 1348 negabat,
737 1301 823 1349 quia
841 1301 942 1337 intus
968 1313 1046 1337 esse
1067 1300 1229 1337 volebat.
1251 1305 1297 1338 Et

309 1366 432 1393 tamen
450 1359 602 1406 quando
623 1360 794 1408 negavit,
813 1360 912 1395 foras
937 1372 1106 1408 egressus
1129 1368 1195 1396 est.
1214 1363 1296 1396 Un-

307 1416 353 1452 de
377 1417 502 1452 foras?
518 1421 572 1453 De
597 1417 712 1453 domo
732 1418 886 1463 Christi,
905 1418 951 1454 de
969 1418 1083 1454 domo
1101 1418 1266 1455 fidelium
1286 1431 1294 1453 ε

306 1483 342 1511 at
359 1474 422 1511 ubi
449 1475 494 1511 de
520 1475 634 1511 domo
657 1477 807 1526 Caiphae
834 1477 933 1513 foras
958 1489 1128 1526 egressus
1147 1485 1226 1523 est,
1256 1477 1294 1513 in

307 1533 460 1569 domum
493 1535 627 1571 Christi
661 1535 898 1571 intromissus
934 1543 1003 1574 est,
1039 1536 1177 1583 Quanti
1207 1543 1296 1571 sunt

305 1593 418 1629 hodie
439 1593 502 1642 qui
525 1593 677 1640 dicunt,
697 1598 774 1632 Nos
795 1607 923 1631 sumus
944 1593 990 1631 de
1010 1594 1124 1631 domo
1145 1594 1294 1639 Christi,

308 1665 376 1689 nos
391 1665 520 1689 sumus
537 1653 582 1689 de
601 1653 716 1690 domo
733 1654 908 1691 Ecclesiae
928 1668 935 1690 :
957 1662 994 1690 et
1010 1662 1097 1690 sunt
1116 1653 1162 1690 de
1182 1653 1296 1691 domo

308 1712 565 1761 Caipliae,hoc
595 1722 649 1749 est
670 1714 899 1763 hypocrisis!
929 1713 1040 1761 Quod
1068 1717 1199 1750 Petrus
1229 1726 1296 1750 ne-

306 1771 450 1819 gando,
487 1771 557 1808 hoc
584 1772 645 1808 isti
675 1773 815 1809 faciunt
849 1772 1073 1809 affirmando
1098 1785 1106 1807 ε
1130 1772 1194 1810 sed
1225 1773 1296 1809 nisi

1363 1130 1451 1163 Post
1469 1140 1616 1164 crucem
1637 1127 1735 1163 enim
1758 1139 1833 1163 non
1861 1134 1974 1162 restat
1993 1125 2216 1174 supplicium
2231 1154 2240 1171 ,
2260 1126 2347 1174 quia

1361 1195 1556 1235 peccatum
1594 1195 1715 1221 morte
1750 1185 1974 1221 terminatur
1994 1199 2002 1220 :
2027 1184 2090 1221 sed
2119 1184 2241 1220 vicina
2267 1184 2346 1232 jam

1362 1254 1495 1290 morte,
1513 1245 1644 1294 majori
1667 1245 1878 1281 daemonum
1897 1243 2060 1279 ludibrio
2085 1251 2260 1292 peccator
2275 1243 2348 1291 agi-

1364 1311 1473 1339 tatur.
1497 1308 1684 1340 Exucntes
1708 1304 1851 1352 quippe
1876 1316 1960 1340 eum
1988 1311 2089 1339 veste
2111 1302 2225 1338 totius
2245 1302 2348 1338 chri-

1362 1362 1470 1397 stiani
1490 1362 1656 1408 decoris,
1684 1363 1788 1411 quasi
1807 1375 1875 1411 pro
1900 1362 2003 1410 regio
2025 1361 2160 1398 decore
2185 1361 2348 1410 chlamy-

1362 1420 1446 1456 dem
1460 1421 1494 1457 ei
1508 1422 1734 1465 coccineam,
1750 1421 1821 1457 hoc
1836 1429 1892 1458 est
1906 1422 2169 1457 vestimentum
2188 1421 2346 1457 mixtum

1360 1480 1563 1528 sanguine,
1587 1480 1839 1524 circumdant,
1868 1493 1951 1516 cum
1981 1487 2138 1529 propter
2157 1479 2346 1516 crudelem

1360 1538 1447 1574 vitae
1467 1551 1542 1574 suae
1562 1538 1899 1587 sanguinolentiam
1919 1551 1937 1574 a
1958 1538 2147 1587 plerisque
2165 1546 2202 1574 et
2219 1538 2347 1574 hono·

1362 1605 1477 1643 ratur,
1496 1606 1532 1633 ct
1551 1597 1815 1634 circumdatur.
1837 1596 1947 1634 Unde
1962 1605 1999 1633 et
2014 1597 2220 1646 plectentes
2235 1610 2348 1633 coro·

1361 1670 1446 1694 nam
1464 1657 1510 1694 de
1525 1657 1641 1707 spinis
1657 1665 1805 1707 ponunt
1821 1669 1935 1706 super
1950 1664 2062 1705 caput
2080 1655 2174 1704 ejus,
2193 1669 2277 1693 cum
2302 1656 2348 1693 de

1361 1717 1493 1766 rapina
1525 1730 1734 1766 pauperum
1767 1716 1914 1766 spineas
1944 1715 1978 1751 ei
2011 1715 2160 1751 divitias
2191 1728 2345 1752 coacer—

1361 1784 1506 1821 vantes,
1528 1784 1639 1826 caput
1653 1774 1734 1824 ejus
1750 1775 1795 1812 ad
1811 1787 1967 1824 regnum
1984 1774 2156 1810 elationis
2171 1775 2345 1811 efferunt.

307 1830 523 1867 confitendo
556 1831 654 1868 foras
685 1841 820 1869 exeant
847 1841 884 1869 et
913 1846 1037 1869 amare
1060 1833 1195 1878 fleant,
1222 1846 1297 1870 non
1319 1834 1345 1870 C
1362 1835 1534 1872 Vindicat
1553 1836 1652 1871 enim
1672 1834 1742 1871 sibi
1759 1834 1937 1884 pecunia,
1955 1833 2057 1883 quod
2078 1833 2266 1883 Sapientia
2286 1833 2346 1870 di-

307 1889 449 1925 intrant
475 1890 676 1926 Ecclesiam
698 1892 779 1928 Dei.
801 1891 1023 1928 Amaritudo
1049 1892 1204 1928 fletuum
1228 1906 1297 1929 ve-

308 1948 430 1984 lamen
457 1948 566 1985 diluit
591 1951 805 1988 oculorum.
831 1955 874 1988 In
901 1951 1015 1988 domo
1041 1964 1130 2001 ergo
1147 1952 1296 2002 Caiphae

309 2008 566 2057 colaphizatur
596 2010 784 2056 Christus,
807 2010 896 2059 quia
931 2011 968 2047 in
1003 2011 1117 2047 domo
1150 2012 1297 2061 Caiphae

309 2068 566 2116 colaphizatus
583 2077 638 2105 est
657 2073 790 2106 Petrus
812 2085 819 2106 z
841 2078 877 2106 et
893 2070 995 2119 quod
1011 2073 1144 2107 Petrus
1158 2084 1177 2107 a
1195 2079 1297 2108 sata-

307 2138 354 2161 na
383 2127 482 2162 intus
504 2140 634 2176 passus
660 2137 735 2173 est,
766 2129 837 2164 hoc
866 2129 1033 2166 Christus
1064 2142 1084 2165 a
1118 2130 1297 2167 ministris

305 2193 445 2221 satanae
474 2185 564 2221 foris
593 2188 759 2235 pertulit.
787 2187 949 2224 Attende
969 2201 1060 2237 ergo
1074 2216 1084 2233 ,
1107 2197 1144 2225 et
1160 2188 1246 2225 vide
1267 2189 1296 2226 si

306 2251 361 2279 cst
381 2243 490 2279 dolor
510 2244 603 2280 sicut
624 2245 734 2281 dolor
751 2259 867 2282 meus.
886 2247 999 2283 Vides
1020 2247 1105 2296 quis
1124 2248 1296 2296 graviora

305 2303 459 2350 pertulit
474 2303 701 2351 opprobria,
719 2305 886 2341 Christus
903 2305 992 2341 foris
1008 2305 1045 2341 in
1061 2318 1234 2354 corpore,
1250 2320 1296 2344 an

307 2362 438 2395 Petrus
459 2360 559 2396 intus
590 2361 626 2396 in
655 2370 822 2410 pectore.
855 2363 927 2399 Sed
950 2362 1029 2410 jam
1063 2363 1110 2403 ad
1137 2365 1293 2400 Pilatum

308 2427 424 2454 eatur.

676 2535 850 2574 CAPUT
878 2536 927 2575 V.

394 2657 440 2685 De
462 2655 553 2686 Pilati
577 2655 836 2696 interrogatione,
860 2656 973 2688 Christi
996 2657 1217 2699 flagellatione,

621 2719 656 2739 ac
681 2709 811 2740 militum
828 2711 981 2741 illusione.

363 2836 396 2871 8.
422 2837 530 2871 Mane
552 2842 675 2870 autem
698 2835 808 2880 sacto,
830 2835 978 2871 vinctus
1000 2835 1149 2873 ducitur
1167 2837 1212 2874 ad
1234 2837 1298 2874 Pi-

311 2895 440 2930 latum.
473 2893 660 2940 Quamdiu
687 2893 798 2943 culpa
825 2895 936 2939 latet,
966 2908 1042 2931 nox
1071 2904 1145 2942 est;
1175 2905 1212 2932 at
1233 2897 1297 2933 ubi

309 2953 466 3000 eoeperit
482 2952 733 2997 innotescere,
752 2966 861 2988 mane
879 2955 930 2989 tit.
949 2957 1053 2989 Tunc
1066 2953 1142 3002 jam
1163 2955 1299 3004 ligatur

308 3025 327 3047 a
353 3011 588 3060 principibus
617 3011 874 3057 sacerdotum,
905 3021 941 3048 et
973 3013 1132 3050 traditur
1163 3015 1293 3060 Pilato,

307 3070 378 3106 hoc
397 3078 451 3105 est
469 3070 629 3118 principi
654 3070 907 3116 tenebrarum,
925 3072 1019 3107 sicut
1037 3081 1073 3108 et
1092 3074 1297 3122 Apostolus

303 3128 412 3177 jubet
438 3128 655 3177 hujusmodi
690 3131 836 3167 tradere
866 3139 1004 3168 satanae
1036 3132 1072 3168 in
1101 3133 1292 3171 interitum

353 3263 577 3295 ¹11(1c·r.x11,
595 3265 648 3290 8.-

300 3312 314 3330 ‘’
329 3312 442 3344 mmuh.
465 3324 557 3344 xxvii
573 3336 580 3349 ‚
601 3314 832 3344 29.—71¹sal.
853 3325 890 3348 x,
919 3318 947 3344 53,

1020 3287 1026 3300 7

1362 1907 1446 1930 cere
1465 1894 1582 1931 solet:
1601 1896 1677 1930 Per
1695 1908 1752 1930 me
1771 1907 1872 1942 reges
1893 1902 2067 1940 regnant,
2092 1902 2127 1928 et
2145 1895 2348 1929 conditores

1362 1955 1481 2001 legum
1500 1959 1606 1999 justa
1627 1952 1859 1990 decernunt-'n
1887 1953 1961 1990 Ubi
1987 1952 2165 2002 pecunia,
2190 1951 2241 1989 ibi
2262 1965 2347 1998 rex,

1361 2011 1412 2048 ibi
1434 2013 1507 2058 lex,
1530 2012 1582 2049 ibi
1605 2013 1783 2050 clientum
1804 2013 1923 2062 copia.
1942 2012 2053 2049 Unde
2070 2020 2107 2048 et
2123 2012 2347 2048 arundinem

1361 2071 1398 2108 in
1416 2071 1568 2109 dextera
1581 2072 1662 2121 ejus
1675 2081 1833 2122 ponunt.
1846 2076 2012 2109 Potestas
2025 2071 2124 2107 enim
2142 2079 2178 2107 ct
2192 2084 2347 2121 regnum

1362 2131 1563 2181 impiorum
1593 2133 1739 2169 arundo
1774 2141 1829 2169 est
1855 2140 1971 2169 vento
2004 2131 2138 2181 agitata
2160 2145 2167 2167 ε
2192 2144 2346 2180 regnum

1362 2198 1485 2226 autem
1504 2191 1658 2236 Christi,
1685 2192 1789 2241 virga
1809 2191 1939 2227 ferrea.
1962 2194 2007 2227 Et
2027 2189 2124 2226 bene
2143 2190 2290 2226 arundo
2310 2190 2346 2226 in

1363 2248 1515 2286 dextera
1543 2251 1718 2300 ponitur,
1744 2251 1830 2299 quia
1857 2250 2008 2286 dextera
2038 2262 2168 2285 eorum
2196 2249 2348 2285 dextera

1362 2307 1580 2357 iniquitatis.
1602 2315 1683 2347 Jam
1704 2309 1806 2358 quod
1827 2309 1996 2358 sequitur
2015 2309 2096 2344 luce
2117 2308 2251 2344 clarius
2270 2316 2345 2353 est,

1361 2367 1447 2415 quia
1468 2380 1566 2416 genu
1596 2369 1694 2404 flexo
1709 2397 1718 2413 ‚
1743 2367 1877 2404 talibus
1904 2367 2075 2404 illuditur
2092 2367 2216 2416 potius
2235 2380 2346 2415 quani

1362 2426 1537 2462 servitur.
1559 2431 1653 2471 Ave,
1672 2430 1754 2463 Rex
1773 2425 2028 2462 Jmloeorusns‘.
2052 2429 2097 2462 Et
2123 2434 2348 2475 exspuentes

1362 2483 1399 2519 in
1431 2497 1516 2520 eum
1548 2485 1722 2522 laudibus
1752 2485 1995 2535 supervacuis
2025 2484 2220 2534 (laudatur
2248 2485 2346 2520 enim

1363 2550 1539 2590 peccator
1567 2544 1611 2584 in¹
1631 2543 1825 2580 desideriis
1853 2544 1985 2579 animae
2014 2555 2109 2587 suae,
2130 2551 2167 2578 et
2198 2542 2350 2591 iniquus

1315 2608 1348 2641 D
1366 2599 1645 2652 benedicitur7)
1666 2610 1892 2652 acceperunt
1907 2601 2145 2647 arundinem,
2161 2609 2198 2637 et
2218 2614 2349 2650 percu-

1366 2659 1507 2697 tiebant
1531 2671 1642 2711 eaput
1671 2662 1765 2711 ejus.
1799 2666 1831 2699 A
1863 2661 1998 2698 talibus
2019 2661 2118 2697 enim
2141 2660 2350 2698 rectoribus

1365 2720 1500 2757 milites
1525 2734 1656 2757 corum
1681 2729 1903 2770 potestatem
1925 2720 2113 2770 accipiunt
2132 2719 2289 2755 nocendi
2313 2728 2350 2756 et

1364 2779 1570 2816 devorandi
1588 2792 1770 2830 pauperes
1789 2795 1796 2816 :
1815 2779 1917 2828 quod
1935 2787 2052 2816 totum
2073 2786 2194 2817 tamen
2211 2778 2351 2814 redun-

1363 2838 1478 2874 datin
1501 2848 1613 2888 caput
1633 2839 1730 2888 ejus,
1753 2837 1859 2886 cujus
1879 2837 2101 2874 auctoritate
2122 2849 2159 2872 se
2181 2844 2345 2872 tuentur.

1364 2897 1433 2933 llic
1455 2898 1560 2933 tertia
1582 2911 1682 2934 mors
1700 2906 1768 2944 est,
1796 2896 1948 2946 quando
1966 2895 2070 2932 sedet
2091 2895 2210 2931 fetens
2230 2895 2267 2930 in
2284 2908 2348 2931 ca-

1364 2955 1495 2991 thedra
1521 2957 1756 3005 pestilentiae.
1784 2956 1851 2992 His
1873 2954 2060 2993 mortibus
2078 2953 2208 2990 infelix
2228 2953 2351 2991 anima

1362 3023 1447 3050 ante
1461 3024 1664 3052 extremam
1683 3028 1828 3052 crucem
1845 3015 1974 3050 mortis
1989 3013 2162 3058 afficitur,
2179 3020 2228 3058 et,
2246 3013 2348 3060 quod

1363 3073 1609 3110 miserabilius
1637 3083 1713 3119 cst,
1743 3073 1879 3110 talibus
1908 3071 2121 3122 opprobriis
2149 3071 2253 3119 quasi
2279 3084 2349 3119 pro

1359 3133 1501 3183 magnis
1527 3133 1735 3170 honoribus
1760 3132 1987 3177 delectatum
2014 3138 2052 3167 et
2078 3129 2159 3165 talis
2180 3129 2349 3178 quotidie

710 3267 720 3281 ²
746 3266 816 3292 Luc.
843 3273 935 3297 xxxi,
963 3265 1003 3292 Τι’),
1053 3267 1107 3300 nl,
1127 3268 1182 3295 62.
1200 3283 1240 3287 -—
1267 3262 1280 3285 3
1305 3268 1315 3295 1
1340 3266 1409 3295 Cor.
1431 3277 1460 3301 v,
1483 3268 1511 3294 ἰ),
1535 3283 1557 3285 --
1596 3263 1609 3289 4
1627 3264 1705 3295 Psal.
1729 3274 1826 3299 xxxi.
1849 3265 1898 3293 10.
1915 3280 1954 3283 ——
1980 3258 1992 3281 ⁵
2018 3264 2209 3297 r1·0v.v111,
2235 3263 2284 3290 15.
2303 3278 2342 3281 -—
