2504 3928
341 181 414 217 2¹³5»
1105 180 1394 215 CILLEBER'I'I
1427 179 1625 213 ABBATIS

2306 175 2380 211 296

341 260 537 309 sparsum?
569 260 607 291 ln
635 259 754 290 Isi-acl
777 266 950 301 insignum
976 267 1108 289 nomen
1134 255 1214 300 ejus
1234 268 1244 288 :
1263 253 1327 289 sed
1344 254 1498 288 '⁴‘cinm'
1515 255 1586 287 mci
1605 259 1689 286 sunt
1699 253 1810 298 pleni
1829 255 1942 297 guttis
1961 256 2130 287 noctium.
2152 251 2295 301 Figuris
2313 251 2382 287 ad-

341 332 415 354 uou
433 326 585 354 eatenus
607 327 781 361 magnum
800 313 857 348 vel
875 311 1038 348 evidenti
1058 313 1250 358 doctrina,
1271 313 1327 348 vel
1352 315 1376 346 Α
1399 311 1603 354 haeserunt,
1619 309 1776 345 scientes
1797 309 2040 346 litteraturam
2055 339 2064 356 ,
2082 311 2288 347 nescientes
2301 323 2382 346 sen-

340 391 353 411 x
366 375 551 412 chenu-nti
578 373 641 408 dex
653 373 798 414 (itione,
828 371 886 406 vel
912 384 1110 406 numerosa
1137 371 1324 420 populosi-

342 444 415 471 tate
433 433 678 470 credentium.
709 434 807 467 Olim
826 433 975 477 loquens
992 432 1089 464 Deus
1103 430 1276 478 putribus
1294 433 1331 464 in

341 495 533 540 Prophetis
546 519 556 535 ,
572 492 762 526 noviazsiine
777 488 906 524 ‹leclms
922 492 999 523 istis
1015 491 1151 524 loc-utus
1163 497 1215 523 eae
1229 487 1332 523 nobis

340 558 376 588 in
400 556 494 587 Filio
511 558 534 587 ¹.
553 551 642 588 Ideo
660 562 734 585 vox
748 547 870 584 valida
883 577 893 594 ,
914 561 988 583 vox
1004 547 1150 584 virtutis
1163 576 1172 592 ,
1192 560 1263 583 vox
1279 547 1332 583 di-

339 612 424 648 lecti
439 627 446 648 z
460 610 523 647 sed
535 614 551 647 J
561 609 752 646 udzeorum
769 608 1030 644 convalescere
1043 607 1209 656 nequivit
1226 607 1261 642 in
1275 620 1336 643 au-

341 671 456 707 ribus.
475 669 628 707 Audivit
644 668 839 706 Gentilitas
852 695 861 710 ,
883 674 917 702 et
934 667 1101 702 confessa
1116 674 1187 711 cst,
1206 674 1239 701 et
1257 679 1332 701 non

341 730 487 779 negavit
510 728 636 764 dicens
660 741 667 763 ε
697 730 779 761 Vox
805 726 929 762 dilecti
953 728 1148 773 pulsantis.
1180 727 1333 761 Utrum-

340 803 413 838 que
446 801 608 837 agnosco
636 800 715 822 esse
747 785 894 830 dilecti,
921 797 1051 820 v<ocem
1085 792 1122 819 et
1153 783 1326 832 pulsum,

341 847 498 884 verbum
519 855 554 882 et
576 847 764 882 virtutem.
787 848 957 893 L‘troque
983 843 1070 880 mihi
1091 850 1218 891 gratus
1235 841 1329 877 dile-

339 917 420 943 ctus
436 919 557 951 meus,
575 913 736 953 utroque
753 918 810 939 me
826 903 1014 939 demulcet
1030 911 1066 939 et
1080 902 1196 938 movit
1209 930 1218 946 ‚
1238 913 1330 937 voce

339 975 373 1002 et
396 965 529 1016 pulsu,
554 973 608 1010 et,
629 973 670 1000 ut
692 964 742 1000 sic
771 963 909 1008 dicam,
932 962 1078 998 cantico
1107 969 1143 998 et
1168 961 1325 1010 psalmo.

1397 383 1478 405 sum
1513 368 1755 418 spiritualem.
1789 370 1844 403 De
1878 369 1988 404 unius
2017 369 2170 405 scicntia
2203 369 2301 414 Dei,
2336 367 2383 404 de

1398 428 1541 477 figurali
1576 428 1664 475 legis
1702 425 1966 462 observatione
2001 427 2121 464 Judaei
2154 428 2382 476 gloriantur,

1398 487 1615 535 mysterium
1638 486 1842 521 inficiantes
1867 485 2077 530 Trinitatis,
2102 494 2139 522 et
2161 487 2382 535 praefigura-

1398 547 1508 582 tionis
1524 546 1739 589 veritatem,
1753 543 1798 579 de
1815 544 2014 593 superfluis
2027 553 2063 580 ct
2076 545 2254 581 emortuis
2270 545 2383 594 signis

1401 618 1439 640 se
1453 604 1607 652 jactant.
1633 603 1778 640 Molesti
1800 610 1886 638 sunt
1916 602 2024 648 mihi,
2049 602 2253 652 discipulos
2281 615 2384 639 meos

1400 671 1595 712 premunt,
1617 662 1681 711 qui
1709 669 1796 697 sunt
1820 662 1919 698 velut
1943 662 2132 711 quoddam
2156 663 2286 712 capitis
2311 662 2383 698 mei

1398 730 1660 758 oruamentum
1680 729 1716 757 et
1736 721 1850 757 decus
1869 736 1876 757 :
1899 721 1983 757 ideo
2007 723 2130 771 fugi0,
2151 723 2254 772 aperi
2278 722 2381 758 mihi.

1449 785 1485 817 ὕ.
1514 781 1671 828 Quidam
1697 781 1860 818 haeretici
1887 781 2021 818 Christi
2050 782 2306 828 divinitatem,
2336 781 2383 818 ad

1395 854 1507 889 quam
1529 853 1596 877 nec
1618 840 1690 877 lide
1710 841 1863 884 volunt,
1889 854 1956 877 nee
1985 841 2130 877 ratione
2151 849 2308 890 possunt
2327 848 2384 876 at-

1397 901 1559 949 tingere,
1581 909 1765 937 conantur
1784 901 2030 949 exstinguere.
2058 900 2213 937 Subtilia
2232 908 2269 936 et
2288 913 2383 936 con-

1395 973 1485 995 sona
1516 960 1722 996 litterarum
1753 959 1986 1004 testimonia,
2007 967 2044 994 et
2070 972 2153 1007 quae
2179 958 2306 995 divina
2325 958 2385 994 ni-

340 1030 438 1062 Bene
465 1025 587 1074 pulsat
607 1032 643 1059 et
671 1022 775 1072 quasi
801 1021 1046 1071 tympanizat,
1074 1020 1137 1070 qui
1164 1018 1268 1055 verbi
1289 1027 1325 1054 et
1348 1018 1373 1051 B
1397 1027 1528 1055 tuntur
1564 1018 1803 1063 auctoritate,
1835 1018 1940 1066 quasi
1973 1017 2155 1066 quosdam
2190 1018 2385 1054 cincinnos

340 1085 466 1135 operis
481 1083 707 1120 concordem
727 1090 853 1118 movet
872 1080 1149 1130 symphoniam.
1170 1082 1333 1126 Tympa-

341 1157 430 1180 num
451 1152 539 1193 puta
556 1147 683 1180 Jesum
701 1157 708 1177 :
726 1140 880 1186 aceede,
900 1149 1028 1188 tange,
1045 1139 1210 1183 discute,
1226 1137 1332 1186 pulsa

341 1215 483 1246 mores,
502 1214 636 1250 opera,
650 1198 785 1244 verba,
806 1199 931 1235 vitam.
951 1202 1091 1235 Omnes
1108 1197 1144 1232 in
1163 1209 1208 1232 eo
1225 1195 1331 1231 ehor—

341 1261 397 1297 dae
427 1269 586 1297 extentae
615 1268 652 1295 et
683 1271 830 1295 sonorae
859 1265 967 1303 sunt,
1000 1265 1105 1293 tactae
1132 1254 1330 1291 melodiam

340 1320 488 1356 dulcem
509 1319 702 1355 resultant.
731 1322 838 1355 Jesus
868 1317 946 1365 ipsc
977 1316 1101 1365 pulsat
1131 1328 1168 1351 se
1194 1314 1328 1363 ipsum.

342 1381 482 1424 Nemi),
513 1379 656 1428 inquit,
691 1381 782 1414 tollit
811 1382 974 1412 animam
999 1389 1141 1418 menne,
1173 1376 1241 1409 secl
1266 1387 1331 1421 ego

332 1452 437 1486 pono
454 1452 556 1482 cam,
579 1447 613 1473 et
632 1439 762 1472 iterum
779 1449 881 1471 sumo
902 1448 998 1471 eam.
1025 1436 1242 1469 potestatem
1264 1433 1331 1467 lin-

341 1496 405 1531 bco
427 1498 599 1545 ponendi
627 1509 727 1538 eam,
753 1503 788 1529 et
810 1502 1028 1541 potestatem
1057 1491 1174 1528 liabeo
1201 1496 1331 1527 iterum

339 1557 606 1591 .=·n111et1(liea111
622 1560 648 1589 ².
670 1553 763 1590 Vide
778 1552 868 1602 quid
885 1551 949 1588 tibi
965 1560 1072 1588 sonet
1086 1551 1154 1587 ista
1174 1550 1330 1599 positio,

341 1615 529 1663 sumptio,
561 1622 598 1649 et
627 1613 823 1661 utriusque
849 1620 1032 1661 potestas;
1056 1610 1146 1660 quid
1170 1610 1249 1659 ipsa
1280 1610 1332 1646 sic

339 1673 514 1722 pulsandi
542 1685 664 1708 causa.
696 1675 830 1708 Nonne
850 1678 886 1705 et
914 1670 993 1719 ipsa
1020 1669 1180 1705 maxime
1201 1668 1245 1704 ad
1267 1681 1332 1704 cor

341 1741 512 1767 nostrum
531 1731 654 1780 pulsat
674 1738 711 1766 et
731 1730 888 1773 excitat,
911 1737 952 1764 ut
973 1741 1041 1764 nos
1067 1728 1169 1764 velut
1192 1727 1331 1763 cithara

1398 1078 1529 1127 capitis
1544 1106 1553 1123 ,
1574 1091 1649 1113 non
1680 1076 1954 1113 cohaercntiluis
1974 1077 2270 1126 disputationum
2300 1089 2385 1113 sua-

1398 1151 1480 1173 rum
1507 1137 1676 1185 argutiiS,
1701 1144 1736 1172 et
1765 1137 1867 1172 velut
1891 1135 2113 1185 quibusdam
2145 1136 2241 1172 roris
2269 1136 2386 1172 instar

1398 1196 1589 1241 minutiis,
1618 1196 1815 1240 inliciunt,
1846 1203 2116 1243 corrumpunt,
2152 1195 2383 1246 opprimunt.

1398 1255 1444 1291 lli
1467 1268 1618 1303 quoque
1641 1255 1811 1290 notitiam
1831 1254 1897 1291 Dei
1921 1262 2191 1303 praesumentes
2209 1262 2245 1290 et
2270 1254 2384 1303 spiri-

1398 1315 1553 1350 tualium
1567 1313 1808 1350 subtilitatem
1825 1327 1999 1350 sensuum
2013 1340 2022 1358 ‚
2042 1314 2145 1363 quasi
2162 1314 2199 1350 in
2217 1314 2298 1363 ipso
2315 1314 2384 1350 Dei

1397 1373 1517 1421 capite
1537 1380 1573 1408 et
1602 1373 1743 1421 capillis
1775 1371 1935 1421 superbe
1965 1373 2117 1417 locatis,
2149 1373 2223 1409 rori
2252 1373 2384 1409 confe-

1398 1439 1546 1477 runtur,
1564 1439 1601 1467 et
1624 1432 1738 1479 guttis
1760 1433 1946 1477 noetium;
1968 1440 2008 1467 ut
2033 1431 2212 1480 intelligas
2231 1444 2296 1467 eos
2316 1431 2386 1468 mi-

1398 1497 1529 1535 nutos,
1545 1489 1706 1538 gelidos,
1724 1489 1878 1534 fluidos,
1901 1498 1938 1525 et
1963 1503 2039 1526 non
2056 1490 2284 1526 cohaerentes
2301 1489 2383 1527 sibi.

1398 1549 1469 1586 Sed
1503 1558 1539 1585 et
1572 1550 1600 1585 si
1633 1563 1744 1598 quem
1779 1550 1916 1586 videris
1950 1563 2106 1596 sanam,
2135 1551 2240 1599 quasi
2274 1558 2387 1600 eaput

1397 1609 1519 1658 ipsum
1539 1637 1547 1653 ‚
1584 1617 1710 1645 tencre
1744 1609 1880 1654 fidem,
1916 1610 2163 1647 Sacramentis
2188 1610 2386 1659 superficie

1398 1676 1505 1704 tenus
1521 1669 1815 1713 communicare,
1833 1669 1959 1705 subtili
1981 1670 2104 1718 vigere,
2120 1683 2228 1706 sensu
2243 1685 2252 1715 ;
2266 1669 2387 1718 gelida

1399 1735 1519 1763 tamen
1538 1736 1592 1763 est
1613 1737 1769 1777 propter
1786 1729 1917 1764 malam
1941 1729 2227 1774 conscientiam,
2245 1737 2281 1764 et
2300 1742 2387 1778 pro-

340 1791 512 1839 qutedam
529 1790 650 1825 effecti
665 1818 673 1834 ‚
691 1789 742 1825 sic
756 1789 903 1824 sonanti
923 1800 1130 1824 consonare
1147 1786 1331 1822 nitamur?
1352 1786 1378 1820 C
1399 1795 1481 1835 pter
1507 1787 1735 1836 hypocrisim
1761 1786 1936 1833 obscura,
1969 1796 2005 1824 et
2031 1797 2186 1837 propter
2218 1789 2384 1824 velocem

392 1852 428 1886 5.
455 1851 682 1884 maduere(
701 1852 899 1895 pnlsanu's.
925 1851 1022 1883 Bene
1044 1849 1168 1882 dilecti
1188 1845 1329 1893 inquit,

339 1910 445 1958 quasi
474 1922 520 1944 ex
552 1907 752 1943 dilectione
773 1907 851 1942 sola
879 1915 915 1942 et
943 1906 1059 1954 gratia
1088 1904 1277 1953 loquentis
1297 1911 1333 1939 et

339 1968 534 2019 pulsantis.
554 1972 670 2015 Aperi
684 1968 775 2002 milii
783 1995 794 2010 ‚
814 1968 900 2014 qnia
917 1974 1026 2013 caput
1047 1978 1166 1999 meum
1180 1966 1332 2011 plenum

341 2038 393 2064 eac
410 2041 488 2063 rore
498 2056 510 2071 ,
531 2036 565 2062 et
580 2031 743 2062 cincinni
761 2030 832 2061 inci
841 2031 954 2073 guttIs
971 2028 1142 2060 noctium.
1163 2022 1333 2070 Refrige-

341 2088 410 2123 scit
441 2087 479 2122 in
511 2086 638 2123 Judaea
669 2085 846 2129 charitas,
865 2083 942 2132 jam
968 2082 1245 2130 transmigratio
1273 2082 1331 2126 fit,

336 2146 445 2195 juxta
468 2146 723 2194 Scripturam,
749 2144 794 2180 ad
819 2146 960 2181 Gentes
975 2141 1001 2177 3.
1023 2142 1078 2178 Illi
1106 2142 1259 2176 missum
1281 2149 1335 2176 est

340 2205 501 2242 verbum
525 2204 654 2240 salutis
669 2231 679 2248 ‚
702 2203 766 2239 sed
791 2202 927 2251 repulit
952 2200 1064 2245 illud,
1086 2200 1275 2248 indignam
1296 2212 1334 2235 se

336 2264 511 2312 judicans
534 2272 683 2298 aeternae
706 2262 803 2297 vitae.
827 2261 1008 2297 Exeiusus
1035 2272 1115 2295 sum
1137 2258 1183 2294 ab
1204 2272 1245 2294 ea
1261 2286 1269 2302 ‚
1295 2266 1333 2293 tu

342 2323 444 2372 aperi
464 2322 576 2366 mihi;
596 2326 687 2368 qnia
705 2329 818 2368 capnt
841 2333 958 2354 meam
977 2322 1129 2366 plcnnnz
1156 2326 1210 2352 est
1229 2330 1308 2352 rore
1321 2343 1332 2360 ‚

342 2390 378 2417 ct
410 2384 571 2415 cincinni
599 2381 673 2414 mei
693 2383 803 2425 guills
837 2382 1012 2412 noc-ziam.
1049 2379 1164 2424 Caput
1200 2374 1334 2411 Christi

341 2444 454 2477 Deus.
476 2443 532 2476 De
557 2443 638 2475 Deo
660 2441 767 2474 Patre
791 2436 1000 2485 gloriantur
1027 2433 1166 2477 Judzei,
1196 2432 1275 2480 ejus
1296 2445 1334 2469 se

339 2499 484 2547 jactant
512 2497 649 2533 habere
679 2496 874 2540 notitiam,
900 2495 1032 2532 Filium
1066 2491 1271 2541 reprobant
1299 2499 1335 2527 et

1401 1847 1595 1883 transitum
1626 1847 1749 1882 fluida.
1769 1847 1956 1884 Gaudium
1985 1848 2083 1883 enim
2104 1847 2309 1896 hypocritae
2329 1847 2384 1883 in-

1399 1913 1475 1941 star
1494 1905 1624 1953 puncti
1640 1903 1666 1940 ⁵.
1686 1909 1796 1942 Hunc
1818 1906 1926 1941 talem
1947 1910 2054 1943 Jesus
2080 1906 2169 1942 foris
2187 1919 2266 1942 esse
2287 1905 2388 1953 judi-

1399 1972 1477 2009 cat;
1495 1965 1772 2013 opprimentem
1789 1993 1797 2010 ‚
1812 1973 1848 2000 et
1865 1965 1968 2013 quasi
1985 1978 2135 2013 gravem
2153 1964 2222 2001 sibi
2238 1965 2385 2014 refugit.

1399 2022 1623 2071 llujusmodi
1649 2036 1724 2059 non
1758 2032 1830 2059 tam
1855 2023 2067 2069 ambulant,
2096 2037 2207 2073 quam
2231 2024 2388 2060 volitant

1399 2080 1436 2116 in
1463 2081 1604 2130 magnis
1621 2090 1658 2116 et
1678 2081 1911 2118 mirabilibus
1928 2095 2041 2131 super
2056 2095 2114 2127 se,
2135 2081 2293 2131 superba
2311 2082 2388 2118 ela-

1402 2141 1500 2175 tione
1527 2139 1692 2188 pendulo
1713 2141 1795 2188 vagi
1821 2141 1856 2176 in
1879 2154 1974 2177 aere.
2002 2141 2208 2177 Ambitiosa
2235 2140 2387 2189 quidem

1400 2199 1653 2246 negotiatione
1674 2199 1937 2248 perambulant
1965 2200 2000 2235 in
2021 2199 2194 2237 tenebris.
2223 2203 2278 2236 De
2302 2200 2389 2236 reli-

1399 2257 1508 2305 gione
1540 2257 1683 2292 lucrum
1714 2266 1909 2302 venantes,
1940 2259 2170 2306 spiritualem
2201 2271 2239 2293 se
2270 2259 2388 2294 simu-

1400 2316 1517 2351 lantes
1539 2315 1677 2352 habere
1707 2316 1939 2362 doctrinam,
1971 2317 2126 2353 fluidum
2155 2317 2274 2352 instar
2294 2317 2390 2354 roris

1399 2375 1590 2422 eloquium
1607 2401 1616 2418 ,
1635 2375 1775 2410 incerta
1796 2384 1832 2411 ct
1847 2376 2013 2421 occulta,
2029 2384 2066 2412 et
2079 2376 2183 2425 quasi
2204 2384 2390 2412 nocturna

1400 2446 1509 2468 nosse
1527 2434 1702 2481 mysteria
1723 2434 1913 2482 sapientise
1934 2435 2023 2479 Dei,
2041 2435 2246 2471 sanctitatis
2263 2442 2390 2472 tenere

1400 2500 1563 2540 caputet
1584 2492 1754 2537 culmen3
1775 2501 1811 2528 et
1827 2492 1864 2528 in
1888 2493 1967 2541 ipso
1990 2492 2124 2528 Christi
2140 2492 2281 2528 haerere
2305 2506 2389 2529 ver-

344 2556 623 2606 blasphcmant‚
647 2563 686 2591 tu
715 2555 817 2604 aperi
839 2554 940 2589 mihi.
966 2554 1086 2600 Caput
1106 2564 1223 2586 mcum
1244 2553 1330 2598 ple-
1348 2550 1380 2583 D
1402 2552 1490 2596 tice,
1519 2551 1707 2587 eminendi
1737 2551 1873 2600 magiS,
1896 2565 2007 2601 quam
2033 2551 2197 2588 intrandi
2223 2551 2388 2588 studium

345 2631 430 2652 num
448 2626 498 2652 est
511 2629 603 2651 rore.
623 2619 705 2652 Non
725 2614 814 2649 tales
831 2612 1037 2656 desiderat,
1060 2623 1135 2646 non
1153 2610 1250 2654 sitit,
1271 2608 1336 2644 sed

345 2677 459 2725 magis
475 2674 633 2712 fastidit:
649 2673 732 2709 ideo
748 2673 902 2722 plenum
917 2679 983 2707 est.
1002 2671 1155 2706 Plenum
1171 2676 1225 2704 est
1237 2680 1334 2712 rore,

345 2749 389 2771 eo
408 2734 510 2783 quod
525 2746 635 2770 sensu
653 2733 752 2768 leves
769 2731 861 2777 sint,
881 2729 1034 2766 rationis
1054 2735 1221 2764 carentes
1237 2739 1335 2776 pon—

345 2794 451 2839 ‹tm-c,
473 2806 549 2828 non
578 2790 756 2827 hahentes
777 2789 929 2838 aliquod
954 2789 990 2824 in
1017 2787 1222 2824 assertione
1249 2798 1333 2821 mo—

347 2861 514 2888 mentum
545 2866 552 2887 :
584 2851 728 2887 ratione
753 2850 874 2894 leves,
899 2847 1152 2884 obstinatione
1183 2857 1331 2894 graves,

347 2911 451 2959 quasi
473 2923 533 2946 ros
554 2918 589 2945 et
615 2917 728 2958 guttae
749 2909 957 2944 inefficaces
983 2915 1019 2943 et
1040 2906 1258 2956 pertinaces.
1283 2906 1337 2941 Ec

347 2974 511 3005 cincinni
529 2974 600 3004 mei
615 2973 727 3016 guttis
741 2972 922 3011 noctium,
944 2980 1027 3015 quae
1047 2965 1177 3015 gelidae
1193 2972 1279 3001 sunt
1299 2972 1335 3001 et

349 3027 568 3064 tenebrosae.
589 3031 679 3064 Nam
701 3035 755 3063 est
779 3026 929 3075 quidam
951 3039 1012 3062 ros
1029 3025 1094 3074 qui
1118 3024 1238 3061 noctis
1258 3037 1334 3060 non

347 3096 412 3124 est.
432 3090 503 3123 Ros
521 3097 601 3123 tuus
613 3114 623 3130 ,
644 3087 694 3122 ait
711 3086 822 3123 lsaias
841 3089 921 3122 Deo
934 3113 944 3130 ‚
969 3099 1025 3120 ros
1047 3084 1171 3120 lucis4.
1189 3084 1240 3119 Et
1255 3089 1334 3119 cin—

1401 2618 1551 2658 gerunt.

1456 2670 1488 2705 7.
1510 2672 1604 2704 Istos
1622 2669 1776 2704 moleste
1803 2668 1924 2705 ferens
1940 2677 1976 2705 et
2001 2669 2162 2718 fugitans
2184 2673 2309 2715 Jesus,
2331 2669 2389 2706 di-

1401 2727 1449 2763 cit
1473 2742 1480 2763 :
1499 2731 1616 2775 Aperi
1631 2729 1736 2772 milei,
1757 2742 1859 2763 soror
1873 2742 1967 2764 men.
1989 2732 2080 2776 Quae
2106 2729 2208 2764 intus
2227 2741 2284 2773 es,
2305 2741 2389 2777 quae

1401 2799 1476 2822 non
1499 2787 1642 2835 vagaris
1664 2787 1774 2831 foris,
1800 2801 1883 2836 quae
1903 2801 1978 2823 non
1995 2788 2031 2823 in
2051 2786 2275 2823 sublimibus
2291 2787 2389 2823 voli-

1402 2853 1473 2889 tas,
1496 2858 1578 2894 quae
1596 2858 1670 2881 non
1691 2845 1746 2881 vis
1762 2854 1834 2882 tam
1853 2847 2018 2883 eminere
2033 2847 2141 2891 foris,
2159 2859 2270 2895 quam
2289 2846 2390 2882 intus

1402 2912 1436 2940 te
1461 2913 1607 2949 tenere,
1630 2904 1733 2952 aperi
1761 2905 1863 2940 mihi.
1888 2910 2003 2953 Aperi
2027 2907 2128 2950 milii,
2150 2909 2255 2953 aperi
2274 2904 2389 2939 milii:

1399 2977 1482 3013 quae
1498 2963 1632 3012 quaeris
1646 2991 1656 3008 ‚
1678 2963 1747 2999 nisi
1765 2976 1823 2999 me
1838 2970 1851 2985 ³
1868 2966 1882 2999 Ρ
1900 2967 1992 3000 Tota
2012 2977 2050 3000 es
2066 2977 2144 3001 mea
2165 2979 2172 3000 :
2193 2971 2268 3000 tota
2284 2975 2364 2999 mea
2377 2991 2386 3008 ‚

1399 3032 1435 3061 et
1463 3023 1658 3072 multiplici
1679 3022 1765 3071 jure
1795 3035 1887 3058 mea.
1906 3026 2025 3070 Quam
2049 3023 2272 3072 multiplici?
2288 3021 2387 3058 Audi

1398 3096 1510 3134 quam
1528 3083 1725 3132 multiplici
1741 3097 1749 3118 ε
1771 3084 1881 3118 Soror
1895 3096 1997 3126 mea,
2010 3087 2191 3130 proxe'ma
2207 3095 2310 3126 mea,
2329 3095 2388 3117 co-

397 3217 402 3231 ¹
425 3209 520 3241 iiebr.
543 3221 573 3245 1,
599 3212 636 3246 1,
655 3211 738 3239 2.-
758 3211 874 3239 ²Joan.
895 3219 934 3245 x,
963 3211 996 3238 17
1014 3231 1021 3245 ‚
1043 3212 1095 3240 18.
1114 3227 1155 3231 -
1178 3207 1274 3242 ³Act.
1291 3220 1368 3246 1111,
1387 3211 1440 3240 46.
1457 3225 1500 3231 ——
1522 3206 1879 3243 Alsai.xxv1‚19.—
1903 3204 1916 3227 ⁵
1935 3205 2073 3243 Jobxx,
2098 3209 2128 3235 5.

395 3276 407 3289 ὓ
427 3269 532 3308 'l‘iraq.
552 3274 580 3298 et
601 3270 703 3298 lforst.
722 3277 785 3296 non
805 3266 918 3310 quccris
935 3265 994 3296 nisi
1012 3277 1068 3296 me.
1086 3263 1110 3300 †
