2504 3928
350 172 417 205 ott

1146 174 1384 210 GAt'Fmol
1418 176 1612 211 ABBATIS

346 247 664 298 quemadmmlum
690 247 722 283 ei
747 247 903 292 serviat,
923 246 1241 295 quemadmodum
1260 248 1331 284 mi-
1344 248 1374 266 '¹⁹

2322 177 2397 213 612

1379 248 1620 299 'au-ceptione
1666 250 1910 295 sententiam,
1942 268 1955 282 a
1991 263 2036 287 ex
2066 251 2241 289 clericatu
2285 253 2398 290 ditior

348 308 498 350 nistret,
531 305 849 355 quemadmodum
882 314 1009 355 pascat
1042 307 1257 356 tripliciter,
1299 315 1337 342 ut
1358 309 1384 341 Α
1409 328 1420 338 ι»
1446 308 1565 345 staff-¹.
1587 326 1600 339 υ
1626 312 1708 345 Νηι
1741 308 1812 346 sibi
1847 309 1893 344 de
1926 308 2036 346 bonis
2068 310 2242 348 Ecclesiae
2275 313 2398 362 ampla

348 366 608 416 praedixinms,
631 378 780 415 gregem
816 366 990 411 Domini,
1018 366 1178 402 sollicita
1209 379 1333 402 secum

346 423 623 459 examinatione
644 422 830 459 discutiat.
855 422 1034 472 Indignus
1059 424 1159 460 enim
1180 424 1274 460 lacte
1299 432 1336 459 et

347 483 430 519 lana
462 482 715 527 convincitur,
745 482 773 518 si
805 495 880 518 non
910 483 1029 532 pascit
1059 496 1160 519 oves.
1191 484 1228 520 Si
1260 496 1334 519 non

346 541 474 589 vigilat
503 541 539 577 in
565 540 735 577 custodia
761 541 904 590 gregis,
928 539 1113 589 judicium
1141 541 1210 577 sibi
1229 555 1336 578 man—

346 600 456 637 ducat
477 609 514 637 et
535 600 655 637 vestit.
688 604 769 645 Vae,
796 613 851 636 vae
882 599 969 646 tibi,
992 600 1125 636 cleriee
1144 615 1151 636 :
1176 603 1277 636 Mors
1299 605 1336 635 in

345 663 453 695 olla&
484 663 588 697 Mors
618 659 655 695 in
684 660 766 695 ollis
791 659 959 696 carnium
996 674 1002 694 :
1027 673 1127 696 mors
1155 659 1339 708 inhujus-

346 718 447 754 modi
477 718 619 755 deliciis
647 727 714 755 est.
751 722 832 755 Non
862 718 994 764 modo,
1024 719 1111 768 quia
1143 732 1250 755 secus
1282 719 1339 755 in-

343 778 496 815 troitum
528 778 785 815 delectationis
816 779 938 828 posita
960 791 1039 815 esse
1072 779 1335 827 cognoscitur3

344 837 408 874 sed
435 836 484 873 ob
515 837 554 873 id
585 838 770 882 maxime,
802 838 889 886 quia
923 837 1054 886 populi
1085 845 1231 873 constat
1259 850 1338 873 esse

344 905 495 946 peecata
514 910 599 946 quae
627 896 794 933 comedis
812 902 835 931 ².
870 899 1050 945 Sumptus
1069 896 1338 932 ecclesiasticos

342 955 456 1004 gratis
479 954 618 992 habere
640 963 674 991 te
700 956 874 1004 reputas?
899 954 1114 1000 Cantando,
1143 963 1183 991 ut
1213 955 1336 1001 aiunt,

1401 368 1534 417 palatia
1569 367 1746 413 fabricet,
1788 377 1936 404 mutans
1975 368 2157 418 quadrata
2201 371 2397 417 rotundis;

1403 441 1469 462 nee
1507 427 1647 463 loculos
1677 426 1790 466 indeb
1819 436 2038 478 congreg013
2066 441 2134 465 nec
2166 429 2203 465 in
2230 430 2396 468 vanitate

1403 495 1465 522 aut
1505 486 1761 535 superfluitate
1795 485 2006 537 dispergat3
2044 499 2119 523 non
2159 488 2313 525 extollat
2351 489 2398 526 de

1405 544 1641 581 laeultatibus
1668 545 1838 581 Ecclesia·
1869 546 2171 596 consanguineos
2199 560 2307 592 suos,
2334 557 2398 584 aut

1407 612 1536 652 neptes
1559 604 1628 652 (nc
1659 604 1751 640 filias
1785 603 1964 653 dixerim)
1995 605 2129 654 nuptui
2161 606 2293 642 tradat.
2324 610 2399 644 Res

1406 676 1612 712 pauperum
1642 676 1716 699 non
1754 663 1982 712 pauperibus
2014 664 2123 709 dare,
2157 677 2225 714 par
2244 667 2397 703 sacrile-

1404 724 1464 771 gio
1493 724 1633 759 crimen
1668 736 1747 759 esse.
1776 723 2020 772 dignoscitur.
2043 727 2138 761 Sane
2170 726 2399 774 patrimonia

1404 793 1486 819 sunt
1511 796 1740 832 pauperum,
1773 783 1963 819 facultates
1982 784 2221 821 ecclesiarum
2247 799 2254 821 :
2279 794 2314 822 et
2339 799 2398 823 sa-

1404 844 1539 892 crilega
1558 843 1610 879 eis
1636 842 1854 879 crudelitate
1881 844 2094 893 surripitur,
2116 844 2301 894 quidquid
2325 845 2395 882 sibi

1405 903 1561 939 ministri
1589 911 1625 939 et
1654 902 1956 952 dispensatores,
1991 916 2067 939 non
2099 905 2227 953 utique
2253 905 2394 942 domini

1406 963 1461 998 vel
1493 975 1745 1012 possessores,
1779 962 1876 998 ultra
1909 963 2047 998 vietum
2068 963 2257 1012 accipiunt
2273 972 2310 1000 et
2328 977 2396 1000 ve-

342 1013 444 1051 bona
462 1014 527 1051 tibi
548 1014 751 1065 provenire
773 1013 950 1051 videntur
970 1029 977 1050 :
1001 1014 1065 1051 sed
1093 1013 1234 1051 bonum
1259 1023 1338 1050 erat
1361 1024 1386 1058 Β
1404 1023 1545 1059 smum,
1566 1026 1638 1059 Nec
1661 1022 1759 1058 enim
1780 1021 1969 1057 ordinavit
1993 1026 2094 1058 Deus
2111 1022 2168 1058 his
2187 1023 2251 1071 qui
2272 1026 2396 1059 Evan-

343 1074 459 1125 magis
493 1074 646 1118 fodere,
682 1083 746 1110 aut
777 1075 888 1111 etiam
923 1074 1148 1111 mendicare.
1180 1078 1334 1112 Peccata

342 1134 443 1170 enim
465 1134 594 1185 populi
616 1134 805 1180 comedis,
825 1148 867 1170 ac
894 1135 923 1170 si
949 1135 1104 1184 propria
1126 1133 1193 1170 tibi
1210 1135 1334 1171 minus

341 1194 512 1232 sufficere
538 1193 768 1231 viderentur.
802 1193 990 1231 Sollicitus
1025 1202 1123 1239 esto,
1158 1203 1334 1242 tanquam

340 1253 558 1290 redditurus
587 1254 795 1298 rationem,
826 1253 959 1302 dignos
990 1266 1059 1302 pro
1094 1253 1146 1289 eis
1175 1253 1336 1303 gemitus

342 1312 520 1359 sundere,
541 1313 675 1363 dignos
688 1325 798 1362 agere
815 1313 1044 1362 poenitcntiae
1060 1313 1215 1349 fructus.
1237 1312 1338 1349 Alio-

341 1373 436 1421 quin
472 1372 539 1408 tibi
568 1385 611 1408 ea
643 1373 796 1408 noveris
824 1371 1067 1421 imputanda,
1097 1384 1180 1420 quae
1221 1371 1335 1408 modo

340 1431 439 1468 inter
458 1431 610 1468 delicias
624 1431 810 1478 comedis,
830 1440 866 1468 et
886 1431 1128 1481 parvipendis
1142 1459 1152 1477 ‚
1176 1440 1212 1468 et
1229 1431 1338 1469 dissi—

341 1490 481 1536 mulas,
511 1498 688 1539 tanquam
716 1489 811 1526 nihil
846 1490 1043 1526 attinentia
1070 1489 1148 1526 tibi.
1174 1493 1205 1528 O
1230 1490 1336 1539 judi-

340 1551 486 1587 ciorum
518 1549 588 1587 Dei
613 1549 771 1598 abyssus
801 1549 941 1586 multa!
972 1552 1003 1587 O
1033 1548 1210 1587 terribilis
1236 1554 1338 1587 Deus

341 1610 379 1646 in
412 1610 578 1647 consiliis
609 1622 724 1659 super
755 1609 851 1646 filios
884 1610 1080 1646 hominum
1102 1607 1144 1646 ³!
1184 1613 1337 1648 Frustra

340 1679 426 1705 tunc
461 1674 644 1718 inciln'ent
663 1669 790 1705 miseri
817 1671 938 1705 dicere
970 1669 1170 1713 Ιηοηῖίὸης,
1205 1671 1338 1706 leite

339 1742 450 1777 super
468 1742 533 1765 nos
550 1743 564 1773 ;
583 1738 618 1764 et
642 1728 816 1774 collibus,
843 1731 994 1777 Operile
1012 1742 1076 1764 nos
1095 1728 1123 1763 ⁴.
1154 1729 1335 1775 Venient,

340 1788 495 1825 venient
513 1797 599 1824 ante
621 1787 783 1824 tribunal
804 1788 940 1826 Christi
974 1802 980 1824 :

340 1848 463 1884 lorum
485 1847 638 1897 querela
658 1847 799 1897 gravis,
824 1848 1011 1884 accusatio
1029 1847 1145 1892 dura,
1168 1861 1330 1897 quorum

341 1907 470 1943 vixere
499 1906 695 1956 stipendiis
709 1934 718 1951 ,
751 1920 818 1942 nec
837 1906 981 1943 diluere
1002 1914 1172 1955 peceata;
1194 1906 1333 1956 quibus

341 1965 424 2001 facti
455 1973 542 2002 sunt
571 1965 686 2001 duces
719 1965 823 2011 caeci,
845 1965 1075 2002 fraudulenti
1097 1965 1332 2003 mediatores.

340 2023 438 2071 Quid
469 2023 553 2070 tibi,
580 2024 782 2073 insipiens,
813 2024 953 2061 deliciae
973 2025 1148 2074 sapiunt?
1174 2025 1265 2074 quid
1282 2025 1335 2061 di-

342 2084 440 2120 vitiae
460 2084 532 2120 illae
550 2098 667 2121 caecos
684 2084 873 2121 oblectant
897 2085 1026 2122 oculos
1042 2115 1051 2132 ,
1078 2085 1216 2134 quibus
1242 2099 1336 2122 mer-

341 2143 436 2180 earis
471 2152 544 2180 tam
574 2156 688 2194 grave
714 2143 919 2193 judicium,
954 2152 1028 2181 tam
1061 2144 1165 2181 durae
1200 2153 1335 2182 temet-

338 2202 462 2251 ipsum
509 2202 652 2253 obligas
707 2204 876 2240 rationi?
926 2205 1111 2241 Universa
1151 2205 1334 2254 siquidem

342 2274 461 2311 usque
487 2262 534 2299 ad
563 2263 807 2312 quadrantem
838 2263 1083 2300 novissimum
1118 2265 1290 2315 exigeris.

421 2391 528 2421 XVII.
549 2408 592 2412 —
610 2390 775 2431 Quomodo
797 2390 921 2422 eosdem
937 2390 1054 2422 reditus
1071 2391 1256 2433 expendant.

401 2499 463 2538 20.
487 2500 558 2537 Sed
575 2509 655 2537 esto
676 2492 843 2537 studiose
863 2501 948 2549 quis
964 2509 1000 2537 et
1023 2501 1210 2538 fructuose
1231 2502 1334 2539 labo—

346 2569 414 2597 ret.
440 2563 584 2609 Dignus
604 2561 716 2609 plane
745 2570 798 2596 est
817 2565 1010 2608 operarius
1030 2563 1196 2596 mercede
1215 2561 1303 2597 sua⁵
1323 2576 1332 2599 ε
1358 2566 1389 2599 D

346 2629 384 2656 ut
412 2625 476 2668 qui
499 2622 634 2654 altario
655 2624 781 2664 servit,
809 2621 856 2655 (le
881 2622 1014 2654 altario
1046 2625 1146 2655 vivat
1157 2619 1182 2657 ⁶.
1206 2621 1334 2667 Vivat,

345 2680 520 2728 inquam,
543 2678 589 2715 de
615 2679 764 2724 altario,
786 2687 845 2725 ut,
861 2678 971 2727 juxta
991 2679 1163 2716 eumdem
1184 2689 1336 2730 aposto-

346 2739 446 2784 lum,
475 2738 652 2774 alimenta
677 2747 713 2775 et
746 2737 883 2787 quibus
911 2747 1056 2787 tegatur
1090 2739 1250 2785 liabens,
1279 2741 1336 2777 his

347 2805 547 2833 contentus
573 2797 620 2833 sit
641 2804 666 2833 7.
697 2797 863 2833 Tertium
893 2798 991 2833 enim
1020 2797 1092 2834 hoc
1125 2799 1333 2847 perieulum

345 2863 411 2893 est.
434 2858 488 2891 De
506 2858 660 2900 altario,
683 2856 824 2905 inquit,
857 2860 979 2902 vivat,·
1013 2870 1088 2893 non
1119 2857 1330 2907 superbiat,

346 2928 423 2951 non
443 2914 668 2960 luxurietur,
695 2915 857 2963 denique
880 2928 956 2952 non
984 2915 1145 2962 ditetur;
1167 2933 1181 2949 «
1201 2930 1296 2963 non,
1316 2936 1330 2950 »

347 2980 479 3012 contra
507 2974 624 3010 sancti
659 2972 853 3022 cujusdam
890 2975 1001 3023 plane
1039 2974 1188 3026 dignam
1228 2976 1332 3013 omni

399 3127 406 3141 ¹
422 3123 464 3151 lv
485 3122 560 3160 Reg.
581 3130 625 3155 iv,
646 3120 699 3148 siO.
717 3137 759 3141 —-
778 3124 789 3139 ²
805 3121 886 3149 Osee
904 3131 948 3156 ιν,
967 3123 997 3150 8.
1019 3139 1061 3142 -
1083 3119 1096 3142 3
1111 3121 1190 3152 Psal.
1206 3133 1282 3161 mxv,
1305 3127 1334 3154 5.

1399 1081 1496 1130 gelio
1528 1081 1719 1125 serviunt,
1750 1079 1795 1115 de
1828 1080 2031 1129 Evangelio
2052 1094 2222 1129 quferere
2246 1081 2396 1118 delicias

1400 1141 1458 1177 vel
1490 1148 1687 1184 ornatum,
1717 1139 1782 1175 sed
1803 1143 1925 1174 vivere
1944 1139 2020 1188 (ait
2040 1138 2202 1189 Paulus)
2223 1152 2269 1176 ex
2297 1152 2343 1176 eo
2357 1147 2392 1185 9,

1401 1208 1442 1236 ut
1469 1200 1643 1236 videlicet
1674 1198 1749 1235 sint
1780 1198 1948 1234 contenti
1981 1198 2161 1235 alimento
2197 1199 2394 1248 corporis;

1403 1272 1479 1295 non
1506 1259 1741 1295 irritamenta
1770 1258 1891 1307 gulae,
1914 1266 1977 1294 aut
1996 1258 2185 1294 incentiva
2205 1257 2392 1302 libidinis,

1403 1326 1439 1353 et
1455 1316 1592 1366 quibus
1611 1325 1794 1366 tegantur,
1816 1330 1892 1352 non
1916 1316 2054 1365 quibus
2073 1325 2272 1362 ornentur,
2296 1318 2394 1353 acci-

1403 1389 1505 1425 pere.
1530 1379 1625 1413 Sane
1648 1375 1712 1424 qui
1747 1388 1822 1411 non
1859 1375 2020 1412 fideliter
2048 1376 2239 1422 introivit,
2272 1389 2395 1426 neque

1402 1449 1471 1485 per
1493 1435 1702 1480 Christum,
1723 1434 1856 1483 quidni
1878 1434 2076 1472 infideliter
2095 1444 2200 1484 agat,
2235 1444 2272 1472 et
2302 1448 2396 1472 con—

1404 1503 1460 1531 tra
1498 1495 1709 1532 Christum?
1751 1493 1985 1530 Manifestam
2020 1494 2099 1530 sine
2138 1493 2254 1531 dubio
2289 1494 2396 1531 faciet

1403 1552 1576 1590 arborem
1610 1553 1774 1597 fructus,
1809 1551 1972 1588 radicem
2011 1552 2174 1601 palmes,
2208 1565 2305 1602 opus
2333 1552 2395 1589 in-

1403 1612 1624 1649 tentionem.
1661 1611 1785 1648 Faciet
1815 1610 1861 1647 ad
1903 1610 2006 1660 quod
2036 1611 2158 1657 venit,
2186 1619 2228 1648 ut
2259 1619 2395 1648 mactet

1402 1671 1533 1719 utique
1561 1679 1598 1706 et
1626 1670 1828 1719 disperdat.
1856 1669 2016 1717 Quando
2040 1669 2141 1706 enim
2158 1670 2290 1706 altario
2312 1682 2393 1707 ser-

1401 1730 1478 1767 viat
1498 1729 1562 1779 qui
1583 1728 1769 1778 ejusmodi
1789 1737 1845 1765 est
1871 1743 1877 1764 :
1902 1729 2040 1765 serviat
2059 1737 2181 1765 autem
2204 1729 2243 1764 in
2260 1729 2393 1778 spiritu

1016 1787 1189 1825 audietur
1208 1802 1336 1838 popu-
1355 1794 1382 1829 C
1402 1798 1439 1825 et
1468 1789 1646 1825 veritate?
1677 1788 1783 1824 Tales
1818 1787 1994 1824 nimirum
2029 1790 2138 1824 Pater
2172 1787 2393 1825 adoratores

1397 1849 1586 1897 quaerit¹⁰.
1621 1847 1798 1896 Alioquin
1829 1847 2048 1883 ministratio
2083 1847 2213 1883 mortis
2245 1855 2316 1893 est,
2353 1848 2391 1884 in

1394 1908 1578 1958 judicium
1603 1916 1639 1944 et
1660 1906 2026 1943 condemnationem.
2047 1910 2123 1943 Aut
2141 1907 2294 1955 quando
2323 1920 2393 1957 po-

1400 1968 1485 2004 terit
1512 1965 1726 2003 necessariis
1755 1978 1834 2002 esse
1857 1973 2079 2011 contentus,
2103 1966 2169 2014 qui
2193 1978 2238 2002 eo
2267 1966 2392 2002 animo

1402 2026 1593 2071 introivit,
1617 2033 1658 2061 ut
1683 2024 1869 2074 stipendia
1891 2024 1981 2060 cleri
2005 2024 2042 2060 in
2066 2037 2152 2061 usus
2172 2025 2393 2075 voluptatis,

1401 2085 1625 2122 curiositatis
1651 2093 1688 2120 et
1705 2083 1882 2120 vanitatis
1909 2091 2130 2133 congreget,
2159 2092 2304 2130 servet,
2331 2097 2394 2120 ex-

1400 2144 1566 2195 pendat?
1604 2144 1755 2193 Triplex
1789 2156 1878 2192 ergo
1919 2142 2106 2179 funiculus
2143 2143 2209 2192 qui
2242 2143 2394 2180 difficile

1400 2205 1600 2254 rumpitur,
1621 2204 1811 2239 hominem
1834 2203 2009 2238 miserum
2035 2203 2071 2238 in
2095 2202 2296 2251 perniciem
2319 2211 2394 2239 tra-

1401 2263 1475 2307 hit,
1504 2263 1568 2312 qui
1600 2263 1748 2311 impure
1768 2262 1900 2307 intrat,
1921 2261 2074 2310 indigne
2103 2261 2309 2307 ministrat,
2327 2261 2392 2298 sed

1401 2330 1438 2358 et
1470 2322 1552 2371 ipso
1583 2322 1704 2358 fructu
1733 2320 1900 2357 abutitur
1932 2320 2140 2370 temporali.

1625 2459 1747 2489 XVIII.
1766 2475 1809 2479 —
1828 2459 1875 2487 De
1891 2456 1975 2498 virga
1992 2463 2022 2487 et
2041 2456 2165 2488 baculo.

1458 2562 1521 2599 21.
1546 2562 1644 2610 Quid
1676 2561 1774 2598 enim
1805 2561 1834 2598 si
1866 2561 1904 2597 in
1936 2561 2008 2597 lioc
2034 2559 2176 2597 mundo
2198 2560 2324 2608 floret,
2355 2569 2394 2598 et

1403 2630 1649 2670 prosperatur
1669 2622 1707 2657 in
1728 2621 1787 2657 via
1805 2622 1901 2657 sua?
1922 2624 2075 2657 Arescet
2098 2620 2299 2666 velociter,
2318 2620 2392 2657 cito

1401 2681 1548 2717 decidet
1568 2681 1637 2717 flos
1652 2681 1724 2717 feni
1738 2710 1747 2727 ,
1779 2689 1815 2717 et
1832 2694 1950 2730 vapor
1966 2680 2011 2717 ad
2033 2680 2222 2717 modicum
2240 2693 2389 2730 parens.

1401 2741 1570 2777 Parcitur
1605 2742 1738 2789 virgae,
1773 2741 1950 2790 quoniam
1991 2741 2182 2777 invenitur
2215 2741 2392 2790 iniquitas

1401 2800 1482 2848 ejus
1502 2800 1547 2836 ad
1569 2800 1695 2836 odium
1734 2801 1917 2849 utique¹',
1947 2813 2025 2836 non
2057 2799 2102 2836 ad
2123 2800 2228 2836 iram.
2254 2801 2391 2848 Virga,

1401 2859 1546 2908 inquit,
1568 2867 1629 2894 tua
1659 2869 1695 2894 ee
1720 2858 1870 2894 baculus
1895 2869 1977 2894 ttms
2006 2863 2086 2908 ipsa
2114 2872 2172 2894 me
2200 2861 2392 2894 consolata

1397 2928 1482 2954 sune
1502 2924 1546 2953 ¹².
1573 2917 1695 2954 llaliet
1728 2919 1826 2954 enim
1857 2919 2022 2967 virgam,
2054 2917 2119 2954 sed
2139 2916 2251 2953 habet
2280 2917 2390 2954 etiam

1398 2976 1584 3013 baculum.
1620 2980 1663 3012 Et
1697 2977 1774 3013 haec
1795 2977 2002 3013 consolatio
2034 2985 2108 3022 est,
2143 2975 2246 3025 quod
2272 2976 2304 3013 is
2325 2975 2391 3025 qui

1350 3141 1392 3145 —
1423 3124 1436 3150 4
1455 3127 1526 3155 Luc.
1549 3134 1654 3161 xxm,
1678 3125 1733 3153 30.
1750 3139 1793 3143 —-
1818 3119 1830 3141 5
1850 3125 1862 3152 Ι
1886 3121 1967 3151 Tim.
1986 3132 2017 3157 V,
2042 3123 2151 3151 18.—-
2171 3117 2186 3140 ⁶
2210 3121 2312 3150 ICor.
2335 3131 2389 3158 ix,

353 3177 401 3205 13.
424 3192 455 3195 ψ
481 3179 493 3200 τ
513 3172 685 3208 I'l'in1.v·1‚
704 3174 735 3201 8.
755 3190 796 3193 —
813 3170 826 3193 ⁸
842 3172 1068 3214 Hieronymus,
1083 3174 1121 3204 ad
1140 3177 1254 3217 Nepot.
1269 3194 1312 3199 —
1331 3178 1530 3213 9leor.1x,
1555 3179 1605 3207 lli.
1622 3192 1661 3197 ——
1680 3181 1710 3195 ¹⁰
1725 3176 1817 3206 Joan.
1838 3185 1882 3211 iv,
1902 3176 2011 3204 2-1-
2030 3178 2055 3193 ¹¹
2081 3171 2160 3203 Psal.
2177 3182 2280 3209 xxxv,
2295 3174 2327 3202 3.
2347 3191 2389 3194 —

351 3233 377 3249 ¹²
400 3226 480 3257 l'sal.
500 3236 568 3255 xxii
583 3248 590 3261 ,
609 3226 639 3254 fi.

396 3289 405 3301 ²
429 3282 633 3324 Manuscripti
653 3282 767 3312 addunt
787 3294 818 3311 ι-.ι
839 3282 1155 3325 ignobiliglorimus,
1178 3306 1214 3308 ἶ-

1243 3288 1257 3307 ¹'
1276 3288 1379 3327 Alias,
1404 3287 1507 3317 Jmln:
