2504 3928
327 213 400 247 9651

941 222 1064 255 x‘t'tts
1095 223 1319 264 MYS'HCA,
1353 226 1422 259 stit

1470 226 1752 259 'snut‘t'm't‘s
2290 228 2361 263 962

326 294 451 334 Jcsus,
464 291 540 340 jam
562 300 650 328 tunc
667 295 844 342 mysterio
862 294 931 330 hoc
947 296 1192 344 significante,
1211 299 1313 348 qnod
1330 300 1551 337 ⁸¹²⁰scindcre
1574 314 1639 336 eor
1660 313 1782 336 meum
1802 301 1999 345 miserum,
2022 309 2059 337 et
2078 301 2290 350 sanguineis
2310 304 2365 339 la-

325 350 506 386 eff'usionc
522 353 714 399 sanguinis
734 353 788 389 sui
808 354 954 392 futurus
971 356 1078 392 nobis
1094 367 1189 394 esset
1207 373 1315 395 verus
1338 361 1362 392 Α
1383 361 1521 408 erynnis
1553 360 1783 396 madefacere
1816 374 1822 394 ε

328 412 450 452 Jesus,
474 410 509 446 id
526 420 577 446 cst
594 412 775 448 Salvator.
794 414 956 450 Audiant
972 424 1006 451 ct
1024 416 1227 465 intelligant
1243 426 1314 454 tam

329 469 433 514 pueri
455 470 586 510 teneri,
607 484 717 519 quam
734 470 883 520 puella=;
901 482 936 509 ct
954 474 1168 524 frequenter
1184 490 1314 513 eorum

328 526 514 563 mentibus
537 529 744 565 inculcetur
765 539 950 567 maturum
971 535 1187 582 martyrium
1206 536 1314 571 inno-

327 585 442 620 centis
467 590 566 623 Jcsu.
594 588 703 624 [Inde
729 597 765 625 et
787 590 898 626 lsaias
926 590 971 626 de
995 593 1185 629 nativitate
1212 593 1312 642 ejus—

327 642 410 678 dcm
431 647 518 680 Jesu
541 646 674 682 Christi
703 647 880 695 loquens,
904 651 1023 693 Puer,
1042 651 1161 700 inquit
1176 681 1184 696 ‚
1208 662 1313 688 natas

326 712 377 737 cut
395 703 501 738 nobis
514 732 522 748 ,
545 706 695 750 etsilius
721 708 828 741 slatus
851 716 902 742 cst
923 708 1025 742 uobis
1046 723 1056 742 .·
1075 711 1175 754 cujus
1196 715 1313 758 impc-

326 766 417 797 u'um
443 777 553 810 saper
573 765 760 800 lama-rum
787 767 864 811 (jus
888 774 912 808 ¹,
939 781 1086 804 crucem
1110 783 1220 817 quam
1242 771 1313 806 im-

327 821 418 868 perii
435 823 587 858 nominc
604 824 825 872 significavit
844 827 1027 862 nativitati
1044 829 1164 864 statim
1178 829 1313 877 adjun—

325 892 433 925 gens3
456 882 542 929 quia
567 883 736 931 profecto
757 898 775 920 a
798 885 998 922 nativitatis
1016 887 1172 923 exordio
1190 890 1311 937 passio

324 940 444 974 crucis
477 941 586 976 simul
619 951 749 978 exorta
775 952 841 979 cst.
876 947 956 980 ‘Non
991 946 1177 982 modicum
1211 949 1309 984 enim

324 998 483 1045 pertinet
511 999 555 1035 ad
586 1002 950 1039 commendationem
982 1004 1199 1041 rubicundae
1226 1021 1308 1056 pas-

322 1055 457 1100 sionis,
481 1057 583 1106 quod
605 1059 776 1096 Salvator
796 1070 923 1097 noster
943 1062 978 1098 in
1001 1063 1123 1099 alieno
1145 1065 1248 1110 loco,
1273 1066 1308 1101 in
1327 1069 1354 1102 B

324 1114 445 1150 media
461 1115 596 1161 hieme,
617 1118 652 1153 in
671 1119 794 1155 medio
813 1121 944 1166 noctis,
962 1122 997 1157 in
1017 1123 1163 1159 stabulo
1184 1125 1310 1161 diver-

323 1175 412 1210 sorii
436 1188 481 1210 ex
508 1179 625 1213 Matre
651 1181 878 1228 paupercula
909 1190 1016 1217 natus
1043 1191 1120 1227 est,
1152 1184 1235 1219 licet
1258 1184 1309 1220 ibi

321 1234 470 1282 sanguis
485 1234 566 1283 ejus
582 1237 724 1274 effusus
740 1251 815 1274 non
834 1239 944 1274 fucrit
957 1268 966 1282 ,
983 1240 1083 1288 quod
1101 1250 1172 1277 tam
1193 1256 1309 1290 parvo

322 1294 501 1342 temporis
522 1295 739 1342 intervallo,
757 1297 879 1341 idest,
901 1306 1041 1346 septem
1060 1299 1205 1335 dierum
1224 1314 1311 1349 spa-

321 1351 371 1385 tio
391 1361 558 1387 secutum
589 1362 655 1389 cst.
689 1357 719 1390 O
748 1364 887 1402 quanta
914 1356 1095 1392 charitas!
1122 1372 1144 1393 o
1171 1368 1308 1406 quanta

318 1410 594 1446 commendatio
612 1412 821 1448 charitatis!
845 1415 914 1450 vix
931 1423 1039 1451 natus
1055 1425 1111 1452 est
1129 1418 1211 1453 curli
1229 1419 1308 1466 glo-

320 1467 390 1510 ria,
415 1468 497 1503 coeli
519 1468 678 1514 divitiae,
702 1471 784 1506 coeli
805 1471 965 1517 deliciae,
991 1473 1110 1510 dulcis
1129 1478 1253 1521 .fesus;
1272 1486 1308 1512 et

318 1539 403 1562 ecee
426 1529 566 1564 recenti
587 1529 686 1566 ortui
708 1531 828 1567 erucis
847 1531 1065 1581 ignominia,
1093 1534 1213 1571 crucis
1239 1535 1308 1571 do—

320 1585 401 1630 lor,
424 1588 542 1624 erneis
571 1598 769 1638 paupertas
799 1591 1021 1639 copulatur:
1053 1592 1116 1628 scd
1152 1593 1309 1630 redemit

315 1645 499 1682 miseriam
528 1648 665 1692 erucis,
695 1649 842 1698 imperii
865 1663 1002 1686 nomen
1028 1664 1170 1687 verum.
1192 1656 1308 1690 Cruee

315 1703 450 1739 etenim
481 1712 597 1741 totum
621 1706 800 1743 mundum
818 1708 927 1744 simul
949 1718 983 1745 et
1005 1710 1144 1747 inferos
1175 1711 1308 1761 subju—

313 1763 433 1811 gavit,
455 1765 518 1812 qui
538 1766 704 1814 regnavit
719 1780 739 1802 a
759 1767 860 1816 ligno
883 1769 986 1805 fortis
1005 1773 1124 1806 Jesus.
1153 1774 1310 1821 Propter

1857 360 1943 408 quia
1969 373 2055 396 ecee
2080 364 2233 398 Creator
2263 375 2366 398 meus

1383 432 1451 467 pro
1474 432 1531 454 mc
1553 419 1758 465 sanguineo
1779 432 1912 454 eruore
1932 419 2188 468 perfunditur3
2207 433 2275 455 nec
2293 420 2365 456 levi

1380 478 1554 526 quidem,
1575 477 1638 513 scd
1662 477 1883 513 decurrente
1913 477 1948 513 iu
1972 486 2121 514 terram.
2146 482 2208 515 Vae
2229 478 2365 515 misero

1380 537 1505 572 cordi!
1529 536 1631 585 quod
1658 536 1718 571 tali
1742 545 1778 571 ct
1801 544 1903 572 tanto
1924 536 2062 572 sudore
2090 549 2164 572 non
2188 537 2366 573 madescit

1382 596 1585 643 perfusum.
1616 595 1761 643 Inspice
1789 594 2068 630 tribulationem
2100 596 2216 644 ipsius
2245 596 2365 632 mitis—

1381 653 1460 688 simi
1487 653 1632 697 cordis,
1659 666 1731 701 qua
1752 652 1977 701 angebatur,
1999 666 2082 689 eum
2107 662 2184 689 toto
2204 666 2365 702 corpore

1380 726 1424 747 ex
1447 713 1548 748 omni
1578 720 1682 761 parte
1709 711 1934 759 sanguineus
1955 711 2070 747 sudor
2091 719 2269 748 manaret.
2290 714 2364 748 Ne-

1379 785 1452 819 que
1480 771 1578 806 enim
1607 784 1742 819 corpus
1762 771 1992 806 extrinsecus
2023 779 2126 806 tanto
2149 771 2285 819 talique
2306 783 2365 806 su-

1380 830 1471 865 dore
1500 830 1706 873 deflueret,
1741 829 1770 864 si
1791 842 1856 864 cor
1879 829 2102 865 intrinsecus
2123 829 2260 865 nullius
2293 828 2364 865 do-

1379 890 1467 924 loris
1500 889 1668 924 molestia
1698 889 1942 937 frangeretur.
1982 890 2182 924 Contritum
2218 897 2268 923 esc
2304 902 2366 923 cor

1377 962 1494 983 nicam
1518 954 1555 983 in
1581 962 1638 982 me
1657 953 1758 995 ψη),
1783 948 1831 983 ait
1852 947 2035 996 propheta
2057 947 2082 983 3.
2107 948 2227 984 Scisso
2251 946 2363 995 igitur

1376 1008 1488 1043 corde
1513 1007 1690 1049 interius,
1717 1006 1827 1042 scissa
1848 1014 1902 1042 est
1925 1014 1961 1041 et
1982 1006 2145 1041 exterius
2164 1006 2268 1055 pellis
2290 1018 2361 1040 no-

1374 1069 1438 1103 stri
1465 1067 1676 1103 Salomonis
1707 1081 1713 1102 :
1744 1067 1885 1102 effusus
1914 1074 1968 1101 est
1997 1065 2113 1101 sudor
2138 1065 2363 1113 sanguineus

1376 1139 1488 1175 super
1519 1135 1666 1162 terram.
1698 1124 1898 1161 Rubrieata
1925 1132 1980 1160 est
2006 1137 2088 1159 rosa
2115 1124 2298 1172 passionis
2327 1130 2363 1159 et

1375 1186 1560 1233 charitatis
1579 1185 1710 1222 Christi
1730 1183 1926 1220 rubicundi
1941 1186 2040 1219 Jesu.
2058 1186 2151 1218 Ecce
2167 1195 2278 1231 quam
2303 1195 2361 1218 ru-

1375 1243 1560 1280 bicundus
1573 1273 1581 1288 ‚
1603 1252 1638 1279 et
1659 1256 1769 1291 quam
1793 1250 1892 1277 totus
1907 1241 2150 1277 rubicundus.
2167 1244 2241 1277 Nee
2257 1248 2363 1276 vacat

1376 1316 1394 1338 a
1414 1303 1590 1350 mysterio
1612 1303 1679 1338 ista
1698 1301 1889 1349 sanguinis
1906 1304 1992 1336 Jesu
2014 1300 2148 1335 effusio
2165 1299 2360 1348 generalis.

1375 1361 1528 1396 Sudavit
1545 1361 1643 1397 enim
1669 1368 1748 1395 toto
1769 1373 1929 1408 corpore
1948 1359 2192 1407 sanguinem,-
2212 1359 2276 1407 qui
2297 1371 2363 1394 no-

1375 1428 1468 1455 stras
1484 1428 1638 1455 venerat
1655 1420 1784 1454 tollere
1801 1419 2034 1454 infirmitates
2048 1431 2093 1453 ex
2108 1431 2219 1453 earne
2234 1425 2361 1453 nostra

1374 1486 1410 1514 et
1431 1478 1610 1527 sanguine
1634 1485 1860 1521 eontractas;
1892 1485 1932 1512 ut
1951 1476 1998 1512 ad
2024 1476 2361 1513 convalescentiam

1373 1545 1409 1573 et
1428 1538 1621 1574 sanitatem
1641 1537 1752 1572 totius
1771 1537 1940 1585 corporis
1955 1536 2177 1584 spiritualis,
2199 1536 2275 1571 sive
2293 1539 2362 1571 Ec-

1374 1598 1492 1634 clesiae
1507 1598 1692 1633 sufficeret
1707 1596 1823 1633 sudor
1835 1596 2060 1645 sanguineus
2075 1595 2121 1631 ab
2139 1595 2241 1631 omni
2256 1602 2362 1644 parte

1374 1657 1563 1705 corporis,
1599 1656 1730 1705 eapitis
1763 1656 1902 1691 scilicet
1936 1655 2054 1691 nostri
2086 1654 2238 1691 Domini
2272 1658 2360 1691 Jesu

1374 1715 1509 1752 Christi
1529 1716 1680 1751 effusus.
1700 1714 1863 1751 Liberati
1886 1728 1975 1762 ergo
1995 1727 2123 1750 sumus
2143 1713 2188 1749 de
2207 1713 2357 1762 sangui-

1376 1774 1506 1820 nibus3
1525 1779 1604 1812 Deo
1621 1775 1737 1823 gratia
1754 1773 1820 1817 sit,
1843 1773 1986 1809 auctori
2001 1772 2129 1808 salutis
2143 1781 2278 1808 nostrae
2294 1771 2361 1808 be-

313 1821 411 1857 enim
433 1836 596 1868 cruecm,
619 1825 664 1860 ad
681 1838 792 1874 quam
818 1826 1027 1864 humiliavit
1051 1841 1089 1864 sc
1110 1829 1231 1878 ipsum
1250 1831 1305 1866 fa-
1329 1836 1355 1871 C
1376 1834 1488 1882 nigno
1508 1837 1614 1879 Jesu,
1641 1833 1704 1882 qui
1730 1846 1837 1869 suum
1859 1845 1927 1882 pro
1948 1831 2055 1867 nobis
2074 1832 2292 1879 sanguinem
2314 1831 2360 1867 li-

313 1888 394 1915 ctus
424 1879 622 1927 obediens,
652 1884 827 1919 exaltavit
856 1885 960 1921 illum
991 1890 1093 1923 Dens
1118 1891 1246 1934 Pater,
1275 1898 1311 1925 et

314 1937 417 1975 (ledit
437 1939 489 1976 illi
510 1953 646 1978 nomen
664 1971 672 1987 ,
693 1943 794 1991 quod
812 1952 866 1980 cst
886 1957 998 1994 super
1016 1959 1127 1982 omne
1146 1960 1306 1993 nomen3

312 2006 353 2034 ut
382 1998 420 2034 in
446 2000 598 2037 nomine
624 2005 712 2038 Jesu
734 2016 846 2039 omne
866 2017 963 2053 genu
983 2006 1170 2053 flectatur,
1202 2008 1310 2044 coele-

312 2057 442 2104 stium,
463 2060 691 2096 terrestrium
707 2089 716 2106 ,
737 2070 773 2098 et
794 2062 1024 2100 infernorum
1046 2071 1073 2102 ².
1095 2069 1195 2102 Bene
1221 2080 1309 2116 ergo

311 2115 346 2152 in
365 2118 482 2166 prima
495 2119 678 2156 effusione
692 2123 882 2170 sanguinis
897 2124 992 2173 Agni
1007 2125 1195 2174 purissimi
1209 2135 1308 2176 apta-

313 2183 391 2212 tum
413 2186 468 2213 est
495 2178 528 2213 ei
555 2178 626 2215 hoe
647 2193 785 2216 nomen
805 2185 930 2228 Jesus‚
948 2196 992 2219 eo
1010 2184 1199 2233 quodjam
1221 2194 1308 2223 tunc

310 2248 379 2283 pro
397 2237 514 2272 salute
536 2246 662 2275 nostra
689 2241 907 2290 sanguinem
924 2243 1079 2280 fundere
1106 2244 1305 2294 inciperet,

312 2294 377 2341 qui
405 2295 442 2330 in
476 2297 727 2346 completione
758 2300 886 2337 salutis
918 2310 1055 2338 nostra:
1096 2312 1195 2340 totus
1226 2315 1305 2342 erat

314 2351 580 2390 effundendus.

596 2463 770 2503 CAPUT
800 2465 1009 2507 XXXVII.

524 2586 568 2614 De
594 2585 727 2615 secunda
747 2586 896 2619 effusione
924 2589 1090 2630 sanguinis.

370 2708 451 2745 128.
474 2711 643 2748 Secunda
664 2714 853 2761 sanguinis
882 2716 1014 2752 effusio
1035 2721 1122 2753 Jcsu
1145 2719 1302 2766 Christi,

314 2779 387 2815 qua
411 2769 594 2816 passionis
625 2784 709 2808 rosa
729 2773 938 2821 coloratur,
969 2776 1160 2813 invenitur
1179 2779 1214 2814 in
1239 2792 1302 2815 su-

313 2826 405 2862 dore
430 2828 636 2877 sanguineo
669 2832 810 2867 (wantis
839 2841 875 2868 et
895 2834 1122 2882 agonizantis
1151 2836 1302 2887 benigni

312 2888 412 2921 Jesu.
430 2889 483 2922 Ita
504 2889 603 2924 enim
620 2889 670 2925 ait
690 2892 915 2940 evangelista
933 2908 940 2928 :
959 2894 1144 2940 Etsaems
1164 2900 1200 2931 in
1216 2912 1301 2946 ago-

312 2948 378 2979 m'a
403 2949 585 2992 prolix-ius
614 2949 746 2984 orabat
771 2964 782 2984 .·
814 2961 850 2986 et
860 2951 987 2997 filetus
1015 2963 1066 2988 est
1093 2958 1206 2991 sudor
1223 2962 1302 3003 (jus

312 3007 404 3038 sicut
428 3015 546 3053 guttae
567 3013 758 3055 sangm'm's
777 3011 998 3046 (lc-currentis
1016 3017 1052 3047 in
1080 3023 1228 3051 terram.
1254 3019 1303 3052 Ut

312 3073 456 3099 cessent
476 3079 607 3101 omnes
627 3076 768 3103 creterae
790 3071 980 3118 sanguinis
997 3074 1183 3120 purissimi
1204 3076 1302 3111 effu-

311 3122 455 3169 siones,
485 3126 667 3174 numquid
696 3126 773 3162 lucc
800 3129 877 3164 sola
911 3143 984 3165 non
1016 3134 1153 3180 poterit
1179 3148 1301 3171 rosam

312 3190 476 3218 nostram
494 3184 724 3221 sufficienter
741 3186 955 3244 rubricare?
973 3194 1063 3226 Vere
1080 3200 1202 3241 potest
1216 3208 1302 3230 eon-

1376 1891 1606 1929 beralissime
1637 1891 1781 1928 effudit.
1811 1891 1876 1927 Vel
1902 1891 1972 1926 hoc
1998 1899 2097 1926 certe
2129 1889 2361 1938 significabat

1376 1951 1491 1988 sudor
1522 1952 1748 2000 sanguineus
1771 1963 1790 1986 a
1812 1958 1890 1986 toto
1912 1962 2070 1998 corpore
2091 1948 2221 1998 capitis
2243 1949 2361 1986 nostri

1375 2011 1536 2056 effusus,
1564 2010 1650 2059 qnia
1680 2010 1716 2045 in
1753 2017 1832 2045 toto
1863 2021 2022 2057 corpore
2051 2021 2119 2044 suo
2152 2007 2358 2056 spirituali,

1375 2069 1476 2118 quod
1504 2078 1558 2106 est
1586 2069 1768 2114 Ecclesia,
1801 2069 1950 2118 sanguis
1969 2076 2048 2104 erat
2077 2075 2283 2116 martyrum
2304 2067 2359 2102 ef—

1376 2129 1607 2175 fundendus,
1628 2137 1664 2165 et
1684 2128 1846 2165 Ecclesia
1865 2127 2101 2164 rubricanda.

1644 2261 1818 2299 CAPUT
1847 2260 2078 2299 XXXVIII.

1617 2378 1662 2405 De
1678 2375 1766 2405 tertia
1786 2374 1941 2415 sanguinis
1957 2372 2116 2403 effusione.

1426 2486 1510 2521 129.
1537 2485 1661 2521 Tertia
1687 2485 1878 2533 sanguinis
1897 2485 2030 2521 effusio
2057 2483 2125 2519 fuit
2147 2483 2182 2519 in
2199 2484 2353 2519 vellica-

1371 2545 1470 2580 tione
1493 2558 1692 2592 gcnarum,
1719 2544 1825 2593 cujus
1845 2544 2098 2580 testimonium
2117 2541 2297 2579 habemus
2319 2543 2354 2578 in

1319 2610 1351 2643 D
1371 2604 1571 2653 propheta,
1591 2604 1737 2640 dicente
1764 2618 1808 2640 ex
1836 2617 1994 2653 persona
2015 2604 2130 2652 ipsius
2157 2603 2326 2639 crucifixi
2345 2617 2353 2639 ε

1372 2666 1511 2711 Cmpus
1526 2677 1644 2698 meam
1656 2665 1743 2697 (ledi
1753 2662 2061 2710 percutientibus,
2077 2671 2110 2697 et
2121 2675 2237 2710 genas
2255 2675 2354 2696 meas

1372 2721 1627 2758 vellentibus-4.
1650 2721 1759 2768 Quod
1788 2721 1939 2770 quidam
1971 2729 2166 2771 exponunt
2190 2720 2236 2756 de
2255 2721 2354 2757 lace-

1370 2782 1511 2817 ratione
1537 2782 1769 2817 maxillarum
1799 2782 1888 2817 faeta
1918 2795 2002 2817 eum
2026 2779 2213 2830 unguibus
2239 2780 2353 2829 impi—

1369 2854 1476 2877 orum
1498 2841 1739 2885 Judzeorum3
1773 2840 1924 2889 quidam
1945 2848 2067 2876 autem
2088 2839 2134 2875 de
2159 2838 2354 2875 evulsione

1369 2899 1493 2935 bai-lm
1511 2900 1676 2935 Domini.
1708 2903 1833 2935 Potest
1851 2907 2050 2947 utrumque
2075 2898 2185 2934 fuisse
2203 2909 2348 2933 verum.

1368 2958 1487 2994 Credo
1517 2971 1592 2994 non
1615 2959 1694 2994 sine
1728 2959 1850 3007 aliqua
1880 2958 2068 3006 sanguinis
2097 2957 2279 2993 effusione
2313 2956 2351 2992 id

1368 3026 1573 3066 peractum.
1595 3017 1711 3053 Yidco
1732 3030 1819 3065 ergo
1838 3017 2034 3065 sacrilegas
2057 3028 2190 3052 manus
2208 3015 2352 3064 impiis-

1368 3077 1468 3113 simae
1485 3077 1604 3125 gentis
1622 3089 1695 3111 non
1718 3085 1899 3112 saturatas
1919 3076 2088 3124 colaphis
2104 3083 2140 3111 et
2153 3075 2269 3124 alapis
2284 3103 2293 3120 ,
2315 3084 2352 3111 et

1368 3135 1615 3184 consputione
1645 3134 1898 3171 desiderabilis
1926 3135 2049 3170 vultus
2079 3134 2215 3171 Christi
2247 3149 2254 3170 :
2285 3134 2349 3170 sed

1368 3195 1475 3231 etiam
1491 3194 1535 3231 ad
1548 3207 1724 3243 genarum
1743 3194 1858 3244 ipsius
1872 3194 2144 3230 vellicationem
2155 3194 2349 3239 exarsisse,

357 3309 452 3338 'isat
475 3321 527 3346 ix,
553 3315 582 3341 G.
609 3329 643 3333 —
670 3317 680 3332 ²
701 3312 832 3354 Philipp.
855 3326 898 3350 ιι,
921 3318 1064 3346 8-to.——
1094 3316 1105 3337 3
1122 3322 1235 3350 Jcrem.
1258 3332 1342 3352 xxiii
1358 3346 1365 3359 ,
1392 3325 1421 3352 9.
1449 3340 1489 3344 —
1510 3321 1522 3347 'l
1542 3320 1609 3350 ¹³³5-
1631 3333 1668 3358 ἠ
1689 3326 1719 3351 6-
