2418 3949
140 118 208 154 ’473

134 195 258 240 deest,
290 204 563 241 nonnunquam
593 193 699 241 quasi
730 194 984 242 pertransiens
1015 192 1130 241 gratia

678 117 907 152 EPISTOLA
941 119 1005 152 AD
1036 118 1254 153 FRATRES
1284 120 1347 153 DE
1377 120 1654 154 MONTE-DEI.

1141 191 1190 210 2251

2120 116 2194 153 471

1202 192 1321 229 tendit
1350 194 1434 242 pius
1463 194 1636 239 affectus,
1662 201 1703 230 ut
1732 205 1807 229 non
1839 204 1878 229 se
1906 192 1994 229 inde
2022 201 2193 237 revocet,

134 254 353 304 perstringit
393 265 542 290 sensum
576 252 756 297 amantis,
791 260 829 288 et
857 252 970 302 eripit
1008 252 1133 301 ipsum
1152 257 1184 291 A
1200 252 1321 289 donec
1339 266 1457 289 unum
1476 254 1536 290 vel
1556 265 1655 289 unus
1670 265 1754 289 cum
1774 264 1820 288 eo
1840 252 1993 302 spiritus
2013 251 2124 288 fuerit
2139 251 2196 288 es-

133 312 225 358 sibi,
243 322 279 349 et
296 312 393 362 rapit
411 313 446 348 in
471 312 569 348 diem
591 312 655 360 qui
681 319 737 348 est
765 325 784 348 a
813 312 976 348 tumultu
1006 323 1130 347 rerum

134 372 180 408 ad
209 372 341 421 gaudia
369 371 531 415 silentii,
550 379 586 406 et
611 384 680 421 pro
703 370 857 408 modulo
884 383 952 406 suo
977 369 1024 406 ad
1050 383 1131 406 mo-

134 441 324 478 mentum,
352 432 398 469 ad
427 439 611 481 punctum
636 430 674 467 id
708 431 831 480 ipsum
860 430 1062 467 ostendens
1097 429 1131 466 ei

134 491 340 528 videndum
370 491 476 528 sicuti
505 498 582 534 est;
617 491 766 526 interim
798 490 908 526 etiam
937 498 974 525 et
1005 490 1128 538 ipsum

133 551 245 587 efficit
271 552 308 587 in
335 551 372 587 id
392 551 534 599 ipsum,
559 558 601 585 ut
620 550 667 586 sit
689 563 755 586 suo
774 548 887 585 modo
913 549 1009 585 sicut
1036 548 1128 584 illud

133 619 203 647 est.
222 610 296 648 Ubi
313 623 396 646 cum
415 608 587 644 didicerit
604 608 694 657 quid
717 608 861 644 intersit
888 607 988 644 inter
1013 620 1127 644 mun-

133 668 223 705 dum
240 677 277 705 et
289 667 527 705 immundum
544 695 554 712 ‚
576 667 746 703 redditur
763 667 854 713 sibi,
873 675 910 703 et
926 667 1129 703 remittitur

132 726 179 764 ad
196 726 456 764 mundandum
472 738 538 761 cor
553 725 600 761 ad
618 725 801 761 visionem
819 754 828 771 ,
849 725 895 762 ad
920 725 1127 775 aptandum

132 788 299 824 animum
332 786 379 823 ad
407 785 687 822 similitudinem
718 800 725 820 :
758 794 819 831 ut,
855 786 884 822 si
924 785 1128 835 aliquando

132 860 281 884 rursum
306 845 545 891 admittatur,
566 844 612 881 sit
630 845 763 893 purior
777 844 899 880 adhuc
916 845 963 881 ad
991 845 1128 881 viden-

131 907 220 944 dum
235 935 244 953 ,
264 914 301 943 et
321 905 492 942 stabilior
511 904 556 940 ad
575 903 790 940 fruendum.
814 907 1007 953 Nusquam
1028 905 1127 940 enim

1198 312 1327 348 fectus.
1351 312 1459 359 Quod
1480 325 1562 348 cum
1592 312 1631 348 in
1662 324 1708 348 eo
1732 311 1842 347 suerit
1861 311 2086 361 perfectum,
2115 310 2193 359 jam

1197 373 1276 408 solo
1297 372 1530 408 mortalitatis
1548 371 1658 420 hujus
1678 372 1762 408 velo
1785 372 1967 408 dividitur
1991 385 2032 408 ac
2061 371 2193 408 differ-

1197 440 1257 468 tur
1281 445 1301 468 a
1329 432 1463 468 sanctis
1480 440 1691 468 sanctorum
1707 459 1716 476 ,
1735 440 1771 468 et
1792 444 1936 468 summa
1951 431 2014 467 illa
2031 430 2192 467 beatitu—

1197 491 1285 527 dine
1319 491 1572 540 supercoelesti
1605 505 1611 524 :
1647 502 1721 538 qua
1759 498 1882 526 tamen
1917 504 2000 527 cum
2031 489 2109 539 jam
2151 490 2191 526 in

1196 550 1269 586 fide
1296 558 1333 586 et
1360 563 1425 599 spe
1445 550 1525 598 ejus
1545 562 1656 598 quem
1673 558 1771 585 amat
1789 551 1924 586 fruitur
1940 550 1978 586 in
1997 550 2192 586 conscien-

1196 609 1263 653 tia,
1288 608 1365 657 jam
1386 608 1487 657 quod
1516 617 1686 657 superest
1715 608 1800 643 vitae
1827 608 1964 656 hujus,
1992 607 2193 646 tolerabili-

1194 669 1250 705 ori
1279 668 1514 717 praestolatur
1543 667 1733 716 patientia.

1250 728 1312 764 20.
1334 730 1379 764 Et
1395 727 1474 763 haec
1493 734 1549 763 est
1565 725 1764 762 destinatio
1781 725 1935 761 solitarii
1952 727 2165 764 certaminis
2179 755 2188 772 ,

1194 787 1254 824 hie
1274 787 1378 831 finis,
1400 786 1470 822 hoc
1487 785 1701 835 praemium,
1722 785 1800 820 haec
1819 784 1966 833 requies
1995 785 2164 822 laborum
2179 814 2189 830 ‚

1193 846 1400 883 consolatio
1417 845 1604 882 dolorum.
1624 848 1669 880 Et
1685 844 1766 893 ipsa
1780 851 1836 879 est
1852 844 2031 893 perfectio
2050 852 2087 880 et
2104 858 2193 881 vera

1194 906 1358 943 hominis
1387 904 1593 954 sapientia3
1618 916 1748 940 omnes
1776 903 1814 939 in
1840 915 1879 939 se
1909 904 2137 952 amplectens
2158 913 2195 940 et

132 979 172 1004 se
203 966 336 1003 melius
355 964 604 1015 deprehendit
623 963 756 1000 modus
778 963 952 999 humanae
984 964 1127 1013 imper-
1148 969 1175 1002 B
1195 966 1394 1002 continens
1413 964 1594 1009 virtutes,
1623 976 1700 1000 non
1730 962 1881 999 aliunde
1905 963 2097 1008 collectas,
2128 964 2193 1000 sed

133 1026 325 1069 sectionis,
347 1037 458 1074 quam
478 1024 516 1060 in
537 1023 678 1060 lumine
698 1024 825 1059 vultus
853 1023 947 1069 Dei,
976 1023 1015 1059 in
1043 1036 1128 1073 spe-

132 1087 217 1123 culo
237 1085 376 1122 divinae
395 1083 565 1120 visionis.
598 1082 675 1120 Ubi
699 1083 739 1118 in
759 1082 820 1119 die
839 1082 903 1131 qui
935 1090 990 1118 est
1003 1110 1012 1127 ,
1044 1083 1128 1132 plus

132 1154 170 1183 et
196 1147 281 1196 plus
298 1144 431 1181 videns
449 1143 540 1193 quid
557 1142 629 1180 sibi
647 1143 774 1188 deest,
795 1141 969 1179 emendat
987 1142 1025 1178 in
1048 1142 1128 1179 dies

131 1204 375 1243 similitudine
389 1232 398 1249 ,
418 1202 603 1252 quidquid
624 1202 782 1251 deliquit
797 1201 1124 1239 dissimilitudine:

131 1264 377 1301 similitudine
411 1263 446 1299 ei
480 1262 808 1312 appropinquans,
843 1275 863 1298 a
897 1275 973 1311 quo
1017 1262 1128 1311 longe

132 1324 247 1360 factus
266 1331 321 1360 est
340 1336 408 1373 per
427 1322 791 1366 dissimilitudineni;
821 1330 857 1358 et
887 1322 940 1358 sic
970 1334 1127 1371 expres-

131 1383 267 1421 siorem
293 1382 478 1419 visionem
503 1381 716 1431 expressior
743 1394 891 1430 semper
921 1380 1128 1417 similitudo

132 1442 342 1478 comitatur.
364 1439 601 1490 Impossibile
629 1440 770 1490 quippe
798 1448 854 1476 est
880 1439 998 1476 videri
1023 1452 1127 1482 sum-

133 1515 235 1538 mum
261 1500 403 1537 bonum
419 1528 428 1545 ,
447 1508 484 1536 et
510 1513 586 1535 non
611 1500 750 1544 amari;
782 1511 850 1535 nec
878 1512 954 1535 non
983 1507 1126 1535 tantum

132 1561 270 1607 amari,
289 1569 471 1610 quantum
490 1559 617 1596 datum
637 1558 748 1595 fuerit
765 1558 886 1594 videri
903 1572 910 1593 ε
931 1570 1128 1606 quousque

131 1633 237 1657 amor
256 1619 426 1670 proficiat
443 1619 482 1655 in
502 1619 664 1667 aliquam
686 1617 970 1654 similitudinem
990 1616 1128 1653 amoris

131 1679 252 1725 illius,
271 1679 335 1728 qui
351 1682 471 1716 Deum
488 1678 646 1715 similem
666 1677 749 1713 fecit
764 1676 910 1713 homini
923 1689 991 1726 per
1007 1676 1129 1712 humi·

1194 1026 1298 1062 velut
1321 1024 1540 1061 naturaliter
1564 1023 1694 1060 insitas
1720 1021 1815 1068 sibi,
1843 1022 1890 1058 ad
1913 1022 2194 1059 similitudinem

1192 1086 1293 1122 illam
1323 1084 1414 1130 Dei,
1448 1096 1522 1132 qua
1553 1092 1608 1120 est
1641 1083 1722 1132 ipse
1751 1081 1937 1131 quidquid
1969 1089 2025 1118 est
2059 1096 2066 1117 :
2108 1095 2193 1118 cum

1194 1146 1289 1182 sicut
1317 1147 1419 1180 Deus
1446 1152 1502 1179 est
1531 1142 1569 1179 id
1597 1142 1699 1191 quod
1728 1149 1804 1186 est,
1840 1140 1892 1177 sic
1927 1140 2023 1177 circa
2051 1140 2193 1178 bonum

1193 1203 1365 1248 virtutis,
1407 1201 1557 1238 habitus
1598 1201 1710 1237 bonae
1738 1200 1946 1237 voluntatis
1979 1200 2018 1237 in
2056 1199 2194 1237 bonam

1195 1271 1357 1299 mentem
1389 1262 1441 1298 sic
1462 1260 1716 1297 consolidatus
1734 1268 1770 1296 et
1790 1259 1944 1296 affectus
1976 1268 2050 1305 est,
2082 1268 2123 1296 ut
2149 1273 2196 1297 ex

1193 1322 1454 1358 ardentissima
1480 1320 1572 1356 boni
1601 1319 1925 1356 incommutabilis
1953 1319 2192 1365 adhaesione‚

1194 1382 1408 1417 nullatenus
1434 1380 1608 1416 videatur
1631 1379 1709 1428 jam
1743 1391 1851 1429 posse
1885 1379 2021 1415 mutari
2062 1379 2109 1416 ab
2149 1393 2194 1417 eo

1194 1440 1298 1489 quod
1333 1449 1400 1477 est.
1435 1443 1527 1477 Cum
1558 1440 1658 1476 enim
1690 1440 1731 1474 fit
1763 1439 1862 1475 circa
1892 1438 2085 1475 hominem
2126 1441 2195 1477 Dei

1194 1500 1401 1549 assumptio
1442 1500 1506 1536 illa
1542 1499 1696 1536 Domini
1725 1507 1761 1535 et
1792 1499 1916 1536 Sancti
1951 1500 2062 1535 Israel
2099 1500 2196 1550 regis

1195 1559 1337 1604 nostri3
1369 1559 1518 1608 sapiens
1543 1567 1579 1594 et
1604 1560 1689 1608 pius
1711 1558 1859 1594 animus
1889 1571 1955 1608 per
1980 1559 2196 1597 illuminan-

1196 1627 1269 1655 tem
1295 1627 1332 1655 et
1355 1618 1597 1667 adjuvantem
1627 1618 1782 1667 gratiam
1812 1617 1850 1654 in
1877 1619 2195 1668 contemplatione

1195 1678 1332 1714 summi
1358 1677 1474 1723 boni,
1504 1677 1720 1727 speculatur
1743 1676 1853 1712 etiam
1878 1677 2025 1726 regulas
2053 1677 2196 1714 incom-

131 1739 322 1776 liationem
342 1739 516 1775 humanae
535 1737 785 1782 conditionis,
803 1745 845 1773 ut
860 1736 1053 1773 hominem
1071 1736 1125 1773 si-
1147 1739 1174 1775 C
1195 1737 1385 1774 mutabilis
1408 1737 1598 1782 veritatis,
1624 1737 1663 1772 in
1689 1744 1872 1785 quantum
1895 1736 1941 1772 ad
1966 1749 2027 1773 eas
2053 1738 2196 1787 pertin-

133 1799 258 1835 milem
274 1801 355 1835 Deo
371 1797 573 1834 constituat
588 1809 653 1847 per
666 1796 973 1846 glorificationem
992 1795 1129 1831 divinae

133 1858 441 1908 participationis.
468 1859 511 1892 Et
529 1865 615 1892 tunc
632 1855 739 1892 dulce
757 1863 812 1891 est
835 1855 979 1891 homini
1005 1855 1127 1891 cohu-

134 1919 268 1955 miliari
294 1930 447 1954 summae
479 1915 660 1965 majestati
678 1943 686 1961 ,
720 1914 1003 1964 compauperari
1036 1914 1129 1952 Filio

132 1978 224 2023 Dei,
253 1977 390 2014 divinae
419 1976 609 2026 sapientiae
634 1975 880 2019 conformari,
911 1974 981 2010 hoc
1008 1974 1128 2011 senti-

132 2036 210 2072 enti
227 2037 265 2072 in
284 2049 322 2073 sc
343 2036 426 2086 ipso
441 2064 450 2081 ,
470 2034 572 2083 quod
590 2034 680 2070 etin
698 2034 843 2071 Cliristo
860 2036 947 2069 Jesu
965 2033 1130 2069 Domino

136 2104 277 2133 nostro.

191 2155 249 2190 19.
265 2157 350 2191 Haec
366 2154 465 2190 enim
483 2161 538 2190 est
553 2152 735 2203 sapientia
751 2165 833 2188 cum
852 2152 989 2201 pietate
1000 2180 1009 2197 ,
1027 2165 1131 2188 amor

131 2227 215 2250 cum
233 2214 366 2250 timore
379 2241 388 2258 ‚
408 2213 605 2249 exsultatio
628 2226 711 2248 cum
731 2220 912 2257 tremore,
932 2225 1015 2247 cum
1028 2212 1130 2261 cogi—

135 2282 232 2310 tatur
256 2281 293 2310 et
318 2273 541 2323 intelligitur
566 2276 668 2309 Deus
693 2272 909 2308 humiliatus
939 2284 1058 2320 usque
1084 2272 1130 2308 ad

133 2341 290 2370 mortem
316 2361 326 2378 ‚
358 2340 514 2369 mortem
544 2341 667 2368 autem
697 2331 840 2376 crucis,
869 2339 909 2367 ut
938 2331 1129 2368 hominem

132 2393 270 2429 exaltet
285 2405 405 2441 usque
421 2391 467 2428 ad
485 2391 767 2428 similitudinem
791 2391 1010 2427 divinitatis.
1034 2392 1130 2427 Hinc

132 2461 281 2490 emanat
318 2452 483 2489 fluminis
517 2451 681 2501 impetus
715 2451 904 2487 laetilicans
940 2451 1128 2487 civitatem

1195 1810 1282 1846 gere
1302 1805 1467 1833 meretur
1484 1796 1676 1832 intellectu
1701 1796 1840 1832 amoris
1866 1812 1873 1831 ε
1902 1804 1940 1832 et
1959 1796 2097 1833 exinde
2116 1797 2195 1834 sor-

1196 1865 1271 1892 mat
1328 1855 1399 1892 sibi
1448 1855 1601 1891 modum
1643 1855 1942 1891 conversationis
2001 1855 2194 1904 cujusdam

1196 1916 1383 1961 coelestis,
1429 1923 1466 1952 et
1512 1915 1668 1951 formam
1711 1915 1929 1951 sanctitatis.
1974 1916 2198 1964 Speculatur

1197 1977 1297 2012 enim
1326 1988 1510 2013 summam
1540 1975 1756 2020 veritatem,
1788 1983 1824 2011 et
1850 1988 1934 2024 quae
1962 1989 2006 2011 ex
2039 1988 2081 2012 ea
2107 1989 2197 2013 vera

1196 2044 1302 2082 sunt;
1335 2048 1522 2071 summum
1552 2034 1693 2070 bonum
1713 2063 1722 2079 ,
1757 2043 1793 2070 et
1821 2048 1905 2083 quae
1937 2048 1983 2070 ex
2014 2047 2060 2071 eo
2095 2034 2197 2072 bona

1197 2104 1310 2140 sunt;
1346 2107 1528 2131 sumniam
1558 2093 1834 2129 aete1·nitatem³
1859 2121 1868 2138 ,
1900 2102 1936 2130 et
1963 2107 2046 2142 quae
2076 2107 2122 2131 ex
2153 2108 2197 2132 ea

1197 2163 1294 2191 sunt.
1324 2155 1381 2191 Illi
1414 2153 1584 2197 veritati,
1617 2153 1670 2188 illi
1700 2153 1891 2197 charitati,
1923 2153 1975 2189 illi
2000 2155 2198 2191 aeternitati

1197 2227 1236 2251 se
1264 2214 1527 2257 conformans,
1560 2213 1598 2248 in
1621 2212 1701 2249 istis
1727 2225 1765 2249 se
1786 2212 1992 2256 ordinans,
2021 2212 2095 2248 illis
2119 2226 2197 2249 non

1198 2274 1474 2324 supervolitans
1503 2272 1731 2321 judicando,
1764 2272 1828 2308 sed
1861 2272 2069 2321 suspiciens
2096 2272 2196 2309 desi—

1197 2333 1384 2378 derando,
1403 2334 1461 2370 vel
1480 2333 1667 2368 inhaerens
1683 2332 1866 2377 amando;
1885 2332 1954 2368 ista
1971 2333 2194 2382 suspiciens,

1196 2401 1233 2429 et
1265 2393 1318 2429 eis
1349 2405 1387 2428 se
1420 2401 1598 2442 coaptans
1628 2399 1664 2427 et
1702 2391 1944 2427 conformans
1966 2421 1975 2436 ,
2011 2405 2086 2428 non
2117 2393 2198 2429 sine

1195 2452 1431 2489 discretionis
1459 2451 1623 2501 judicio,
1665 2464 1738 2487 non
1767 2451 1847 2487 sine
1883 2452 2053 2487 examine
2083 2453 2198 2489 ratio-

133 2513 224 2558 Dei,
259 2513 439 2549 memoria
467 2510 707 2548 abundantiae
741 2511 934 2548 suavitatis
964 2510 1046 2560 ejus
1090 2512 1127 2547 in
1146 2512 1419 2557 Dcinationis,
1453 2520 1488 2547 ct
1512 2510 1655 2560 judicio
1690 2510 1856 2546 rationis.
1891 2514 1943 2547 Ex
1974 2524 2050 2559 quo
2074 2513 2197 2549 conci-

133 2572 385 2622 intelligendis
404 2580 440 2608 et
459 2571 666 2621 cogitandis
685 2571 781 2607 circa
801 2584 870 2607 nos
895 2569 1005 2607 bonis
1033 2570 1127 2619 ejus.

132 2634 174 2668 In
195 2644 271 2680 quo
287 2644 370 2667 cum
390 2630 436 2667 ad
456 2634 575 2667 Deum
593 2629 794 2666 amandum
813 2629 916 2665 facile
939 2629 1129 2665 hominem

131 2690 319 2727 adducant
339 2697 516 2741 pensata,
539 2690 597 2725 vel
627 2689 738 2726 etiam
767 2689 1016 2738 contemplata
1048 2689 1129 2738 ejus

132 2746 329 2795 amabilia,
361 2762 428 2800 per
459 2761 498 2786 se
527 2749 606 2798 ipsa
627 2749 664 2784 in
685 2748 819 2785 affectu
840 2749 1129 2798 contemplantis

132 2810 336 2855 elucentia,
365 2809 532 2858 potentia
551 2808 652 2857 ejus,
675 2809 832 2845 virtutes
852 2808 952 2857 ejus,
986 2809 1101 2858 gloria
1117 2837 1126 2854 ,

133 2868 322 2918 majestas,
353 2867 500 2904 bonitas
515 2895 524 2912 ,
558 2866 749 2904 beatitudo
770 2882 776 2903 :
799 2868 868 2904 hoc
895 2868 1128 2917 potissimum

131 2936 318 2965 amantem
339 2928 436 2977 rapit
462 2928 499 2963 in
527 2926 750 2973 amabilem,
775 2928 877 2977 quod
908 2928 987 2977 ipse
1009 2928 1044 2963 in
1069 2941 1130 2964 se-

121 2988 292 3038 -metipso
311 2996 368 3024 est
389 2987 572 3036 quidquid
595 2988 631 3023 iu
651 3001 695 3023 eo
712 2987 872 3024 amabile
889 2996 967 3032 cst,
988 2988 1051 3035 qui
1075 2995 1130 3024 est

134 3055 252 3083 totum
282 3047 383 3096 quod
415 3054 490 3093 cst,
511 3047 540 3083 si
563 3055 683 3083 tamen
717 3055 833 3083 totum
864 3054 919 3082 est
949 3045 1013 3082 nbi
1046 3059 1131 3095 pars

134 3119 209 3142 non
228 3114 293 3142 est.
313 3106 379 3144 Cui
398 3104 501 3142 bono
518 3134 526 3150 ,
548 3118 674 3142 amore
695 3106 810 3155 ipsius
829 3104 916 3141 boni
939 3105 990 3141 sic
1010 3118 1049 3141 sc
1070 3105 1125 3141 in-

186 3244 192 3257 ¹
211 3237 325 3279 Fplics.
348 3250 392 3275 ιν,
416 3242 466 3269 18.
484 3258 520 3261 ff
546 3246 555 3260 ²
571 3239 633 3269 Jul»
648 3250 770 3275 xxxiii,
788 3243 942 3278 '28‚Jiixt.'i
965 3240 1062 3268 Lxx.

1199 2571 1356 2619 piuutur
1381 2579 1416 2606 ct
1444 2570 1619 2606 oriuntur
1643 2570 1799 2606 virtutes
1820 2578 1980 2612 sancire,
2009 2579 2043 2606 et
2074 2572 2196 2622 imago

1197 2631 1264 2667 Dei
1294 2631 1520 2667 reformatur
1540 2631 1577 2665 iu
1601 2630 1771 2674 homine,
1796 2638 1831 2665 ct
1855 2631 1928 2665 vitu
1954 2631 2014 2666 illa
2045 2632 2110 2667 nei
2133 2646 2196 2668 or-

1195 2692 1364 2736 dinatur,
1387 2704 1406 2726 a
1429 2703 1501 2739 qua
1518 2690 1688 2726 homines
1706 2690 1887 2738 quosdam
1904 2691 2087 2727 alit-natos
2103 2705 2196 2728 con-

1195 2750 1366 2798 queritur
1377 2749 1616 2798 Ap‹›st‹›lus¹,
1637 2757 1670 2784 et
1690 2749 1877 2798 colligitur
1898 2748 2013 2785 robur
2032 2751 2198 2797 virtutis,

1195 2818 1231 2845 ct
1262 2809 1337 2844 duo
1370 2809 1427 2844 illa
1452 2809 1488 2843 iu
1515 2806 1655 2856 quibus
1683 2808 1984 2856 rontcinplativar
2008 2810 2092 2845 vita·
2116 2823 2197 2859 per-

1197 2869 1306 2904 sectio
1333 2876 1499 2909 constat,
1523 2876 1557 2903 ct
1587 2868 1716 2903 activa·
1735 2881 1741 2901 ;
1761 2867 1807 2902 ‹le
1839 2867 1977 2915 quibus
1995 2868 2103 2916 juxta
2131 2883 2199 2906 an-

1198 2928 1320 2975 tiquos
1348 2927 1430 2962 illos
1466 2930 1694 2976 Interprctes
1735 2927 1870 2975 legitur
1899 2928 1934 2962 in
1967 2927 2061 2969 J0b‚
2100 2931 2197 2965 Ecce·

1192 2991 1317 3034 pictas
1345 2995 1398 3020 mc
1430 2990 1619 3033 sapientia
1650 3001 1660 3020 .·
1693 2985 1878 3021 abstine-re
1909 3001 1994 3022 vcro
2024 3001 2047 3022 a
2076 2992 2194 3031 malo,

1196 3051 1352 3082 ›cic-ntia
1381 3055 1431 3081 est
1455 3052 1482 3081 ².
1514 3046 1702 3096 Sapientia
1730 3046 1830 3082 enim
1864 3047 1980 3096 pictas
2010 3056 2084 3087 cst,
2129 3048 2198 3082 lmc

1198 3115 1250 3142 cst
1278 3106 1398 3143 cultus
1416 3106 1481 3143 Dei
1497 3135 1505 3150 ,
1530 3120 1635 3142 amor
1660 3119 1838 3154 quocum
1868 3106 1994 3142 videre
2012 3106 2198 3142 desidora-

1547 3242 1557 3254 ³
1580 3239 1680 3273 xlia„
1703 3246 1872 3267 famulfum.
