2504 3928
358 180 426 214 139
1117 175 1408 210 GlLLEBER'H
1437 175 1634 209 ABBATts
2327 175 2397 210 160

350 253 448 289 bona
467 259 654 292 carerent,
675 257 873 297 essentque
893 248 938 284 ad
957 262 1175 286 communes
1197 251 1335 286 utilita—
1354 250 1384 268 ⁷³
1401 248 1623 285 sublimibus
1648 249 1741 297 pasti
1765 256 1802 284 et
1819 249 1951 297 positi,
1976 256 2012 284 et
2032 249 2228 286 tendentes
2245 263 2395 300 semper

350 320 402 347 tes
427 312 511 346 (ιι-οἰ
528 338 536 353 ,
565 310 653 344 dum
679 321 753 343 non
780 307 826 343 ad
845 307 1007 356 privatas
1026 309 1147 357 arguti
1169 322 1336 345 commo-
1359 311 1386 343 Α
1405 307 1450 343 ad
1471 309 1543 343 alta
1559 316 1599 344 ut
1615 320 1754 356 eaprae,
1775 308 1890 343 altum
1911 316 2032 343 tamen
2060 308 2111 343 nil
2132 309 2306 357 sapiunt,
2331 309 2396 346 sed

349 370 494 405 ditati-s.
527 372 630 403 Nune
658 376 780 403 autem
815 375 851 401 et
875 367 960 402 caeci
993 376 1101 412 sunt,
1128 376 1164 403 et
1193 369 1337 413 eallidi;

350 429 501 464 hebetes
529 427 574 463 ad
605 426 774 462 Ecclesiae
806 425 930 468 lucra,
963 426 1008 461 ad
1044 427 1198 475 propria
1223 427 1334 463 acuti.

349 488 418 525 Sed
432 485 624 536 quomodo
637 486 768 520 oculus
784 493 839 520 est
856 483 1061 529 columbae,
1076 486 1139 533 qui
1155 485 1338 521 eolumbae

350 561 425 583 non
462 546 638 588 inservit,
672 543 855 580 columbae
886 556 963 579 non
998 543 1126 589 videt,
1155 543 1338 580 columba„¹

349 620 423 643 non
461 605 633 655 providet
663 618 669 639 :
702 604 766 652 qui
791 602 1004 639 columbam
1027 617 1101 639 non
1124 604 1248 647 ducit,
1273 604 1337 639 sed

349 665 464 713 magis
493 662 644 699 abducit
671 662 868 698 Ecclesiam
887 690 896 707 ,
916 670 952 697 et
981 670 1162 710 quantum
1192 662 1228 697 in
1257 662 1337 711 ipso

347 732 423 766 est,
459 722 584 771 pravis
619 721 825 770 pi·a⁸cipitat
861 721 1078 769 exemplis?
1114 724 1168 757 De
1205 721 1338 757 talibus

347 782 551 831 Apostolus
570 780 736 828 loquitur
758 795 764 815 :
789 783 925 815 Omnes
944 794 1030 827 tsine
1046 794 1112 814 sua
1128 790 1208 815 sunt
1225 794 1337 827 qute-

347 850 451 884 remt,
481 854 554 876 mm
581 853 668 887 qua»
695 842 784 874 Jesu
814 839 948 874 Christi
967 846 988 874 ¹.
1019 840 1124 875 Tales
1154 848 1338 888 occupant

346 901 494 943 locum,
525 908 562 935 et
587 906 809 948 pervertunt
838 911 945 934 usum
975 913 982 934 :

345 960 418 995 sint
437 959 516 1003 alii,
533 959 596 1007 qui
615 958 711 993 oculi
732 970 806 992 non
827 955 966 992 liabent
985 957 1151 993 osticium
1171 970 1216 992 ex
1245 970 1335 1006 pro-

1015 912 1099 934 cum
1131 912 1150 933 e
1187 898 1337 934 diverso

1403 367 1561 403 earnalis
1577 366 1714 402 conscii
1732 374 1818 401 sunt
1838 365 2078 402 infirmitatis.
2098 367 2218 403 Elatio
2235 380 2397 416 namque

1405 426 1482 475 ipsa
1514 425 1728 469 descendit,
1750 425 1916 460 ascendit
1944 425 2144 461 humilitas..
2177 425 2265 462 Ideo
2290 427 2396 475 quasi

1403 498 1543 534 caprae,
1571 484 1672 533 quod
1698 496 1847 532 semper
1871 491 1907 519 et
1925 484 1997 519 alta
2025 492 2174 532 petant,
2201 493 2237 521 et
2260 485 2306 521 ad
2338 485 2397 521 in-

1405 545 1510 579 lirma
1536 557 1601 580 sua
1629 550 1848 592 respectent.
1867 546 1912 579 Et
1930 542 2026 579 bene
2047 543 2093 579 de
2111 552 2239 580 monte
2258 545 2396 581 Galaad

1403 603 1610 638 ascendunt
1634 617 1641 638 ε
1664 602 1727 637 sed
1761 610 1883 637 tamen
1916 602 2066 638 nonnisi
2098 603 2135 637 in
2163 611 2291 639 monte
2322 606 2397 641 Ga-

1404 662 1505 706 laad,
1537 662 1600 710 qui
1637 661 1838 697 testimonii
1859 666 2027 698 Acervus
2047 661 2328 710 interpretatur.
2354 666 2398 699 Et

1404 723 1486 770 quis
1507 723 1567 757 ille
1591 722 1659 757 nisi
1681 721 1866 766 Christus,
1888 734 2002 770 super
2021 734 2132 770 quem
2154 723 2281 758 omnia
2301 726 2396 759 Pro-

1405 781 1602 830 phetarum
1627 789 1843 817 coacervata
1865 789 1952 816 sunt
1973 780 2203 825 testimonia,
2226 782 2283 818 cui
2306 785 2397 818 Pro-

1404 839 1525 888 pheta:
1539 867 1548 884 ,
1572 841 1630 876 cui
1651 844 1837 884 Joannes,
1858 841 1916 875 cui
1940 843 2066 884 Pater,
2085 841 2142 875 eui
2174 853 2289 889 opera
2318 841 2397 889 ipsa

1404 899 1657 935 testimonium
1688 899 1875 936 reddunt?
1902 899 1970 935 llic
1996 912 2104 935 mons
2134 900 2306 936 Ecclesiae
2335 914 2397 935 ea-

1402 966 1471 1006 put
1487 967 1554 994 est.
1575 957 1657 995 Noli
1679 957 1724 993 de
1741 957 1811 994 hoc
1833 965 1960 992 monte
1982 955 2170 1001 defluere,
2191 957 2221 992 si
2238 957 2398 1006 capillus

346 1020 536 1060 motione,
570 1017 633 1054 sed
664 1025 844 1065 usurpant
873 1030 917 1052 ex
952 1017 1258 1065 praesumptione.
1292 1019 1337 1052 Et
1355 1021 1382 1055 B
1402 1029 1452 1052 es.
1482 1017 1579 1063 Quid
1609 1015 1717 1052 nobis
1736 1015 2010 1064 separationem
2033 1014 2203 1059 minaris,
2230 1023 2267 1050 et
2293 1016 2398 1051 velut

345 1078 496 1127 quidem
526 1078 700 1126 frequens
728 1077 803 1111 lucc
828 1075 948 1112 turba.
970 1079 1088 1123 Quem
1110 1075 1215 1111 dabis
1236 1088 1335 1111 nunc

346 1148 391 1172 ex
409 1148 565 1171 numero
580 1134 865 1182 discipulorum,
883 1133 947 1181 qui
966 1134 1204 1183 praelatorum
1220 1146 1335 1182 opera

345 1207 460 1243 penes
491 1207 548 1238 se,
574 1192 677 1228 velut
706 1192 869 1240 quodam
903 1192 1044 1228 locatus
1073 1193 1108 1227 in
1142 1191 1335 1237 tribunali,

347 1265 422 1288 non
453 1259 602 1300 carpat,
640 1263 715 1286 non
744 1250 924 1298 corrigat,
960 1263 1036 1286 non
1068 1251 1245 1298 tttistiget?
1274 1250 1339 1286 Isti

346 1324 421 1347 non
440 1310 516 1359 jam
538 1318 625 1346 sunt
648 1310 746 1345 oculi
778 1308 1057 1355 nwmbrorum,
1089 1308 1154 1345 sed
1186 1308 1338 1357 quidam

345 1371 442 1407 oculi
463 1371 656 1406 oculorum
681 1383 688 1404 :
711 1368 903 1417 quomodo
927 1369 957 1404 si
979 1381 1112 1417 pennae
1140 1377 1176 1403 et
1205 1368 1341 1416 plumae

346 1431 383 1467 in
405 1442 564 1479 corpore
583 1426 768 1464 columbae
789 1428 867 1476 ipsa
886 1428 1004 1463 velint
1022 1427 1217 1463 oculorum
1248 1426 1339 1462 diri-

344 1503 431 1539 gere
460 1489 613 1525 lumina.
647 1487 742 1524 *Nolo
768 1487 891 1523 locum
919 1487 1017 1522 hunc
1049 1487 1158 1522 nimis
1180 1498 1336 1534 urgere,

345 1562 392 1585 ne
412 1561 498 1592 vos,
523 1548 674 1592 fratres,
694 1546 883 1594 exagitare
900 1546 1041 1582 videar.
1062 1549 1188 1582 Estote
1215 1553 1338 1581 vestra

344 1607 510 1644 contenti
541 1618 726 1641 mensura.
744 1605 840 1642 Nihil
857 1605 1013 1641 omnino
1031 1605 1067 1640 in
1086 1616 1244 1653 corpore
1268 1616 1339 1639 co-

344 1665 481 1703 lumbae
507 1665 630 1701 officio
648 1672 772 1708 vacat,
796 1664 885 1699 nihil
913 1672 1012 1699 caret
1039 1663 1184 1699 honore
1205 1677 1211 1697 :
1234 1670 1269 1698 et
1297 1676 1338 1698 ea

343 1738 426 1774 quae
459 1723 675 1761 abscondita
708 1731 822 1767 sunt,
858 1722 1173 1759 abundantiorem
1200 1720 1341 1757 habent

1401 1075 1571 1110 avulsum
1606 1075 1649 1110 iri
1682 1088 1702 1110 a
1733 1074 1963 1122 reliquorum
2000 1087 2110 1122 ,grege
2143 1073 2396 1122 capillorum?

1400 1132 1590 1180 Numquid
1617 1146 1723 1168 casus
1756 1140 1840 1168 tuus
1866 1131 2036 1167 Ecclesiae
2065 1132 2311 1167 calvationem
2336 1132 2397 1167 in-

1404 1191 1541 1228 ducet?
1559 1192 1681 1227 Nescit
1701 1192 1762 1227 illa
1782 1191 1980 1227 decalvari.
2004 1193 2097 1227 Nam
2119 1199 2156 1227 et
2175 1191 2298 1240 capilli
2316 1190 2397 1239 ejus

1405 1263 1534 1286 omnes
1565 1251 1751 1286 numerati
1778 1258 1877 1286 sunt.
1904 1250 1961 1287 Ad
1991 1253 2223 1298 Synagogam
2254 1250 2314 1286 illa
2339 1251 2397 1286 in-

1407 1311 1619 1346 terminatio
1652 1311 1744 1346 sacta
1764 1318 1819 1346 est
1838 1309 1875 1345 in
1897 1309 2084 1358 propheta
2105 1323 2112 1344 :
2136 1311 2221 1344 Erit
2231 1323 2302 1357 pro
2323 1314 2398 1344 cri-

1405 1374 1531 1416 spanti
1561 1374 1661 1405 crine
1686 1372 1870 1405 calvinum
1886 1375 1910 1404 ².
1946 1368 2066 1417 Crispi
2099 1377 2187 1404 sunt
2223 1369 2395 1405 Ecclesiae

1404 1427 1548 1472 crines,
1581 1427 1628 1463 ad
1666 1441 1774 1463 suum
1808 1440 1956 1475 semper
1991 1435 2227 1463 recurrentes
2259 1435 2396 1476 caput,

1404 1486 1502 1522 circa
1520 1486 1611 1522 illud
1631 1485 1773 1522 ambitu
1793 1486 1911 1521 amico
1931 1485 2113 1531 revoluti,
2134 1485 2172 1521 in
2197 1485 2277 1534 ipsa
2294 1485 2398 1534 capi-

1404 1545 1448 1581 tis
1478 1554 1618 1582 secreta
1651 1553 1831 1582 conantes
1860 1545 2012 1580 intrare.
2042 1544 2132 1580 Ideo
2159 1544 2283 1594 capilli
2316 1543 2397 1592 ejus

1404 1618 1480 1640 non
1501 1604 1700 1649 decidunt,
1715 1604 1780 1641 sed
1798 1603 2006 1640 ascendunt
2025 1603 2071 1639 de
2088 1611 2216 1639 monte
2237 1602 2392 1646 Galaad,

1380 1685 1387 1690 -
1404 1677 1561 1712 operum
1594 1664 1728 1700 Christi
1758 1662 1900 1710 majora
1922 1662 1991 1698 sibi
2011 1675 2160 1712 semper
2179 1661 2225 1698 ad
2245 1662 2397 1698 imitan-

1405 1722 1493 1758 dum
1518 1723 1689 1771 exempla
1718 1722 1962 1758 cumulantes.
1984 1721 2137 1757 Utinam
2166 1720 2251 1756 fidei
2283 1733 2395 1770 quam

343 1785 541 1821 bonorem.
571 1783 741 1831 Denique
761 1791 797 1818 et
823 1783 964 1831 capillis
993 1795 1140 1831 sponsae
1166 1794 1256 1817 suus
1287 1789 1340 1816 est
1359 1781 1386 1816 C
1405 1781 1525 1818 liabeo
1546 1782 1583 1817 in
1602 1781 1767 1827 Christo,
1785 1781 1912 1817 omnia
1926 1793 2042 1830 opera
2059 1793 2141 1816 mea
2158 1788 2395 1825 attestentur,

343 1844 478 1880 honos.
504 1844 539 1879 Si
557 1843 656 1878 enim
680 1842 716 1877 in
737 1842 855 1878 oculis
876 1842 1041 1890 praelati;
1061 1842 1099 1877 in
1120 1840 1260 1889 capillis
1276 1840 1341 1888 qui

343 1911 429 1939 sunt
462 1901 714 1950 intelligendi,
747 1901 817 1937 nisi
851 1900 1054 1950 discipuli?
1085 1903 1131 1936 Et
1157 1899 1248 1935 boni
1280 1899 1340 1935 di-

344 1962 503 2010 scipuli,
533 1961 597 2009 qui
624 1973 662 1996 se
686 1960 907 2009 capillorum
929 1972 1033 1995 more
1064 1957 1274 1996 tractabiles
1305 1966 1342 1994 et

343 2020 525 2055 flexibiles
547 2018 725 2054 exhibent
751 2017 796 2053 ad
817 2031 967 2054 omnem
994 2026 1126 2053 nutum
1155 2017 1338 2065 magistri,

342 2079 436 2115 sicut
455 2078 501 2114 ad
523 2086 663 2113 motum
684 2077 787 2112 venti
807 2092 814 2112 :
834 2077 898 2125 qui
924 2077 1096 2126 graciles,
1119 2085 1156 2112 et
1181 2076 1339 2125 spiritu-

342 2137 463 2173 alibus
488 2136 678 2173 extenuati
706 2135 931 2185 disciplinis,
958 2148 1054 2184 pene
1074 2135 1154 2171 sine
1181 2147 1338 2184 corpore

342 2206 448 2236 sunt,
481 2205 515 2229 et
537 2196 686 2240 penitus
715 2195 795 2231 sine
815 2207 948 2233 carne,
967 2194 1012 2230 ad
1033 2207 1182 2229 omnem
1206 2194 1335 2229 insen—

343 2251 471 2287 sibiles
493 2250 685 2298 injuriam,
712 2257 753 2284 ut
784 2261 851 2284 nec
878 2247 1068 2283 tondentis
1099 2247 1336 2283 instrumenti

344 2310 507 2346 sentiant
543 2308 752 2351 lwsionenr:
793 2307 828 2342 in
870 2307 939 2342 hoc
976 2314 1119 2342 tantum
1153 2306 1337 2355 passionis

344 2369 568 2404 sustinentes
595 2366 805 2409 molestias,
831 2366 859 2401 si
893 2379 912 2400 a
947 2366 1066 2414 capite
1097 2365 1157 2401 cui
1180 2365 1338 2401 inliaese-

345 2436 455 2470 runt,
478 2427 670 2474 contingat
689 2425 809 2461 evelli.
840 2425 1000 2472 Reliquo
1033 2424 1131 2460 enim
1158 2432 1333 2460 emortuo

343 2499 524 2535 corpore,
545 2485 695 2520 vitalem
714 2483 763 2519 ibi
787 2492 928 2519 tantum
950 2496 1099 2519 sensum
1124 2491 1331 2528 retentant;

1406 1849 1443 1876 et
1458 1840 1538 1889 jugi
1568 1840 1739 1890 profectu
1762 1847 1937 1888 congesta
1959 1852 2134 1875 acervum
2153 1839 2244 1875 mihi
2264 1852 2396 1875 ascen-

1405 1900 1521 1936 sionis
1538 1900 1779 1936 constituant.
1802 1902 1921 1947 Quam
1942 1911 2080 1947 paucos
2100 1910 2170 1946 ego
2187 1898 2279 1934 mihi
2297 1898 2397 1934 testi-

1406 1959 1524 1995 monii
1543 1957 1655 2007 liujus
1677 1958 1820 1994 contuli
1840 1957 2004 2007 lapides!
2030 1960 2173 1993 Vereor
2191 1956 2365 2005 equidem
2383 1985 2393 2000 ,

1406 2031 1453 2054 ne
1484 2026 1521 2053 et
1545 2018 1583 2053 in
1601 2017 1831 2053 contrarium
1853 2017 1991 2052 multos
2011 2015 2274 2065 congesserim.
2296 2015 2395 2063 Quid

1405 2077 1531 2112 enim?
1561 2089 1687 2112 nonne
1722 2074 1788 2111 tibi
1810 2075 1988 2111 videntur
2014 2087 2090 2110 non
2116 2087 2186 2123 pro
2212 2073 2306 2119 fide,
2331 2074 2395 2110 sed

1405 2135 1520 2183 magis
1541 2142 1672 2170 contra
1692 2133 1803 2170 fidem
1826 2133 2039 2169 testimonia
2059 2132 2309 2181 congessisse,
2331 2133 2396 2182 qui

1405 2193 1455 2225 <ir
1485 2193 1639 2233 vivunt,
1669 2201 1709 2227 ut
1735 2193 1889 2228 alterius
1914 2191 2113 2227 videantur
2137 2190 2221 2227 fidei
2243 2219 2253 2236 ‚
2284 2205 2395 2239 quam

1403 2248 1641 2284 christianae?
1659 2248 1832 2297 Denique
1863 2249 1953 2284 tales
1979 2261 2092 2297 quam
2122 2249 2260 2284 multos
2292 2250 2396 2286 vide-

1404 2320 1504 2351 mus,
1534 2307 1579 2343 de
1605 2307 1742 2355 quibus
1767 2307 1854 2355 jure
1881 2307 1952 2343 dici
1979 2307 2125 2356 possit:
2146 2308 2210 2343 Isti
2239 2320 2315 2343 non
2344 2308 2396 2344 sic

1403 2372 1675 2400 conversantur
1689 2391 1698 2408 ‚
1720 2373 1761 2400 ut
1780 2365 1843 2413 qui
1867 2364 1999 2401 Christi
2021 2364 2237 2414 redemptos
2256 2378 2295 2401 se
2315 2379 2396 2402 san·

1398 2423 1512 2471 guine
1545 2422 1720 2469 credant,
1752 2425 1815 2472 qui
1843 2424 1950 2460 aliam
1981 2432 2132 2473 sperent
2159 2425 2297 2470 vitani,
2330 2425 2395 2474 qui

1399 2482 1565 2518 futurum
1587 2491 1787 2519 vereantur
1802 2482 2004 2530 judicium,
2023 2484 2087 2532 qui
2109 2483 2259 2520 tandem
2278 2496 2396 2520 evan-

344 2545 406 2581 ubi
439 2545 570 2594 capiti,
604 2544 747 2592 dequo
776 2544 972 2588 oriuntur,
1001 2542 1224 2591 junguntur.
1261 2544 1332 2590 Qui
1354 2541 1513 2589 Dgcliea
1535 2550 1721 2591 pra‘cepta
1742 2542 1923 2578 divinitus
1944 2542 2030 2578 data
2058 2543 2263 2578 fateantur!
2293 2543 2395 2578 Talia

345 2605 413 2653 ipsi
432 2605 542 2640 vicini
565 2602 721 2639 cerebro
736 2631 745 2646 ,
766 2601 828 2638 ubi
846 2602 1039 2651 sapientiae
1057 2601 1195 2638 dicitur
1212 2615 1336 2638 reces-

344 2677 428 2709 sus,
449 2664 553 2712 quasi
574 2663 619 2698 ad
643 2663 769 2697 intima
791 2662 905 2710 ipsius
923 2674 1056 2697 arcana
1076 2661 1248 2697 nituntur
1274 2663 1334 2697 in-

348 2731 445 2759 trare
466 2737 473 2758 :
495 2721 632 2771 quibus
649 2721 719 2756 lioc
738 2720 916 2756 eradicari
938 2728 975 2756 et
994 2720 1099 2768 quasi
1120 2719 1206 2755 inde
1225 2721 1333 2756 evelli

346 2782 515 2826 videtur,
541 2781 587 2817 ad
612 2780 817 2816 exteriores
833 2778 1000 2828 qualibet
1017 2778 1211 2814 occasione
1228 2791 1334 2813 curas

346 2841 482 2875 vocari.
498 2844 587 2876 Nam
604 2839 668 2887 qui
685 2839 772 2874 inde
789 2839 868 2873 sine
881 2851 990 2874 sensu
1011 2837 1150 2872 doloris
1162 2836 1331 2881 eslluunt,

344 2899 536 2948 quomodo
554 2897 603 2933 ibi
620 2906 683 2933 aut
698 2897 771 2932 nati
787 2924 795 2940 ,
818 2904 881 2932 aut
899 2895 1050 2931 radicati
1067 2894 1289 2931 credentur?

397 2957 432 2991 2.
448 2957 616 3005 Denique
631 2955 732 3004 quod
749 2968 824 2990 non
839 2954 1013 2990 decidant
1030 2954 1152 3002 capilli
1169 2966 1330 3002 sponsaae,

342 3017 406 3053 sed
437 3024 648 3064 assurgant,
669 3015 754 3051 audi
772 3015 874 3063 quod
896 3014 1064 3063 sequitur
1085 3028 1092 3049 :
1115 3016 1248 3061 (hpilli
1280 3017 1332 3047 tui

340 3081 432 3110 sirm
448 3089 540 3123 grew·
557 3088 767 3122 caprarum,
790 3087 877 3120 (law
906 3075 1145 3107 mremlerun!
1159 3074 1204 3107 cle
1223 3086 1329 3106 motz-

341 3146 373 3170 te
398 3137 558 3170 calaad.
582 3133 692 3181 Quasi
721 3146 809 3180 grex
841 3145 1035 3180 caprarum
1052 3161 1060 3176 ,
1092 3144 1137 3167 eo
1157 3131 1257 3180 quod
1289 3131 1325 3166 in

386 3266 391 3278 ¹
415 3259 546 3300 l'liilipp.
566 3270 602 3293 ιι,
627 3263 680 3288 21.
704 3275 739 3279 —-
764 3262 773 3277 ’
798 3257 866 3286 Im.
887 3258 1010 3288 11=.‘›.'·.

1403 2601 1544 2636 utinam
1559 2615 1673 2650 penes
1689 2615 1746 2637 me
1765 2602 1979 2637 testimonia
1996 2614 2115 2650 pauca
2131 2601 2368 2650 reperiantur
2385 2616 2393 2637 :

1402 2659 1548 2695 mallem
1566 2661 1682 2704 nulla,
1699 2673 1745 2696 ne
1763 2660 1951 2696 modicum
1973 2660 2197 2696 fermentum
2217 2673 2393 2697 acervum

1402 2717 1568 2753 fidelium
1587 2731 1745 2766 operum
1772 2726 1890 2754 totum
1913 2718 2096 2767 denigret.

1453 2776 1486 2811 3.
1511 2779 1571 2821 Ei,
1595 2777 1724 2813 fratres
1751 2777 1821 2812 mei
1848 2780 1913 2826 (ut
1936 2777 2123 2813 modicum
2150 2776 2196 2813 de
2223 2790 2394 2813 commu-

1400 2835 1437 2870 ni
1457 2835 1608 2883 glorier,
1627 2836 1690 2883 qui
1708 2835 1753 2871 (le
1770 2837 1919 2884 privato
1938 2849 2013 2871 non
2031 2835 2214 2885 possum),
2230 2835 2261 2872 si
2280 2836 2394 2872 totius

1399 2895 1483 2930 vitae
1506 2903 1638 2930 vestrae
1667 2895 1904 2943 respexeritis
1929 2894 2121 2940 ordinem,
2150 2902 2187 2930 et
2215 2895 2393 2943 regularis

1397 2952 1644 2989 observantia]
1669 2966 1844 2997 cursum;
1876 2966 1951 2988 non
1983 2954 2052 2989 erit
2080 2953 2259 3002 exiguus,
2281 2965 2391 3002 quem

1397 3011 1486 3047 boni
1510 3012 1710 3047 testimonii
1737 3012 1985 3055 eoredilieatis,
2012 3025 2179 3048 acervus.
2208 3015 2298 3049 Nam
2321 3012 2349 3047 si
2373 3025 2393 3047 a

1396 3071 1589 3107 nocturnis
1615 3070 1773 3118 Vigiliis,
1808 3082 1900 3118 quas
1935 3070 2094 3118 impigro
2122 3070 2223 3105 velut
2258 3070 2392 3118 primi-

1397 3130 1463 3165 tias
1497 3129 1675 3178 quasdam
1709 3129 1912 3178 praelibatis
1946 3130 2101 3174 asli-ctu,
2129 3137 2166 3164 et
2196 3129 2390 3165 effunditis
