2504 3928
305 224 379 255 ttae)

305 306 338 332 rt
376 297 578 332 secuudum
619 305 786 331 naturam
823 294 947 331 nobile
978 295 1106 331 viuum
1139 302 1282 343 quanto

653 222 772 254 x'l't'ts'
796 220 1022 263 Mi‘S't‘ltta,
1047 219 1134 254 SEU
1157 218 1439 254 TnAC't'ATtJS
1459 217 1523 251 DE
1547 215 1774 251 PASSIONE
1798 215 1987 252 DOMIM.

2243 218 2252 253 l
2263 218 2340 254 000

1355 306 1442 328 vero
1463 291 1752 341 singularitatem
1781 291 1998 341 exprimunt
2018 303 2261 340 personarum
2275 323 2284 340 ,
2304 303 2340 330 et

305 357 387 404 plus
407 355 630 397 biberimus,
653 354 735 389 licet
755 362 988 398 saturemur,
1014 362 1117 390 tanto
1131 354 1214 403 plus
1231 352 1284 388 si·
1307 351 1335 383 A
1358 364 1432 387 non
1452 350 1778 394 itu-(mvenientcr,
1806 359 1844 386 ut
1871 351 1959 387 mihi
1983 351 2142 387 videtur.
2163 356 2254 390 Nam
2274 366 2341 402 pet*

305 415 458 456 ticinus,
485 413 714 449 admirantes
740 421 776 448 et
805 412 998 449 laudantes
1022 413 1100 449 sine
1131 412 1290 448 termino

304 484 335 508 ct
376 474 454 509 sine
489 473 763 508 intermissione
796 471 1000 508 bonitatem
1034 471 1290 508 admirabilem

308 531 570 579 Redemptor-is
597 531 738 574 nostri,
763 544 874 579 quam
900 531 934 566 in
960 531 1117 567 fructum
1143 530 1290 567 redem-

306 591 443 639 ptionis
465 601 598 626 nostra*
619 591 713 626 circa
736 604 803 625 nos
825 590 941 625 voluit
964 589 1150 626 exhibere.

363 650 444 685 175).
480 653 519 685 tit
543 650 644 695 vide,
675 650 703 685 si
732 663 807 685 non
828 649 894 685 ista
920 649 1131 685 ‹lil'lerentia
1161 649 1233 685 cibi
1253 657 1290 684 et

306 717 415 757 potux
438 708 545 744 uobis
574 709 609 744 in
631 707 756 744 verbis
777 708 903 757 spousi
928 709 961 744 iu
983 709 1134 745 Cantico
1155 709 1292 744 amoris

305 768 611 811 comiuciulatur,
643 780 726 803 cum
753 768 803 802 ait
835 783 840 802 :
875 770 1079 810 (innatae,
1103 771 1234 810 (unici,
1260 775 1294 801 ee

307 827 432 869 ln‘l».·'tt·;
453 838 486 862 τι
508 827 763 869 ιἠ(Ἰ)νιίιηιι”ηῘ,
794 829 1001 862 vlam-mimz·
1027 834 1051 862 ¹.
1086 831 1294 863 Praenionct

305 888 403 922 enim
427 887 647 931 comedere,
671 886 772 935 quod
794 887 922 936 utique
939 887 983 922 ad
1005 895 1224 936 praesentem
1243 886 1295 921 vi-

307 955 376 981 tam
406 946 592 995 pertinet,
625 947 659 981 in
681 960 774 994 qua,
799 947 893 982 sicut
917 946 1100 992 diximus,
1123 954 1294 982 contem—

307 1006 421 1053 platio
455 1004 574 1040 labori
609 1005 765 1041 actionis
794 1006 958 1042 admixta
993 1015 1060 1042 est.
1095 1009 1137 1042 In
1171 1006 1294 1041 sutura

1356 411 1579 447 exteriorem
1612 410 1816 446 folliculum
1848 410 1954 460 grani
1985 411 2062 447 sive
2091 424 2172 447 uvre
2204 425 2341 461 corpus

1357 469 1600 519 exprimitur,
1637 482 1704 517 per
1735 469 1888 504 nucleos
1919 482 2020 514 ossa,
2058 483 2125 519 per
2157 471 2341 519 liquorem

1357 529 1478 565 anima
1498 530 1697 578 liguratur,
1720 528 1776 563 vel
1795 528 1963 577 sanguis,
1985 529 2049 577 qui
2070 537 2125 565 est
2141 529 2247 566 sedes
2266 529 2344 566 ani-

1359 602 1437 624 mae.
1469 592 1509 625 ln
1531 596 1650 623 morte
1680 587 1840 623 bominis
1864 588 1987 624 anima
2011 602 2030 624 a
2057 602 2238 638 corpore,
2262 598 2344 625 tan-

1357 661 1468 697 quam
1486 648 1611 683 vinum
1630 647 1675 683 de
1691 647 1812 691 acino,
1831 647 2056 696 exprimitur
2073 662 2079 683 :
2095 656 2131 684 et
2146 648 2175 684 si
2190 648 2343 697 dignum

1359 708 1487 752 suerit,
1506 708 1541 743 in
1561 707 1681 756 regale
1702 706 1869 743 defertur
1889 707 2079 743 cellarium
2097 707 2256 756 paradisi
2271 721 2346 744 coe-

1360 767 1458 803 lestis
1473 795 1482 811 ,
1503 775 1543 802 ut
1562 765 1739 816 gaudium
1759 767 1821 802 liat
1837 766 1927 816 Regi
1947 766 2104 812 coelesti,
2125 775 2160 802 et
2177 767 2346 803 convivis

1360 827 1434 862 suis
1458 825 1596 869 beatis,
1617 824 1679 872 qui
1701 824 1745 860 ad
1775 825 1923 873 nuptias
1943 825 2039 874 Agni
2063 825 2185 861 vocati
2205 833 2291 861 sunt
2311 833 2347 861 et

1361 885 1599 935 perveniunt.
1627 883 1723 919 Bibit
1749 883 1846 919 enim
1866 892 1902 920 et
1926 884 2004 933 ipse
2024 888 2192 934 Sponsus
2216 884 2346 920 vinum

1361 945 1557 995 proprium
1586 943 1632 979 de
1665 943 1739 979 vite
1766 956 1832 980 sua
1863 951 1899 979 et
1926 943 2034 979 vinea
2064 957 2151 989 sua,
2183 944 2346 980 Ecclesia

1361 1004 1518 1048 scilicet,
1545 1002 1652 1051 cujus
1680 1011 1716 1038 et
1742 1002 1821 1051 ipse
1848 1011 1960 1051 caput
1987 1011 2053 1039 est.
2082 1002 2179 1039 Bibit
2204 1011 2240 1039 et
2267 1003 2346 1052 ipsc

307 1078 396 1100 xero
414 1065 509 1109 vita,
530 1077 613 1113 quae
634 1065 737 1100 omni
759 1066 905 1101 actione
922 1074 1042 1110 earet,
1064 1065 1199 1114 gaudio
1216 1073 1295 1100 tan·
1311 1064 1338 1097 B
1359 1063 1577 1112 sanguinem
1599 1075 1756 1098 uvarum
1778 1062 2093 1108 meracissimum,
2115 1061 2254 1098 scilicet
2271 1062 2347 1098 ani-

306 1137 416 1171 quam
436 1124 571 1172 poculo
590 1125 836 1173 perfruemur.
856 1124 1028 1161 Bibenms
1045 1125 1144 1161 enim
1162 1132 1198 1160 et
1217 1123 1292 1159 ine-

307 1182 513 1218 briabimur
533 1181 580 1218 al)
605 1182 773 1219 ubertate
800 1183 932 1220 domus
955 1184 1042 1228 Dei,
1065 1192 1101 1220 et
1129 1191 1293 1219 torrente

306 1242 509 1291 voluptatis
539 1242 619 1290 ejus
640 1241 880 1290 potabimur,
903 1242 978 1290 jam
1010 1255 1077 1278 nos
1100 1251 1193 1278 tunc
1214 1254 1293 1277 esse

307 1301 413 1349 Regis
436 1310 470 1337 et
491 1302 625 1350 Sponsi
655 1301 772 1336 nostri
802 1301 1040 1337 charissimos
1060 1300 1204 1349 liquido
1229 1313 1294 1336 co—

303 1369 523 1407 gnoscentes
537 1388 546 1404 ‚
565 1373 647 1395 cum
671 1373 766 1408 aqna
786 1360 908 1395 omnis
929 1358 1068 1395 laboris
1084 1367 1120 1394 et
1137 1358 1294 1395 actionis

305 1427 460 1454 terrenae
477 1419 513 1453 in
533 1419 661 1454 x‘inum
683 1419 820 1454 divinfe
841 1418 1173 1466 contemplationis
1191 1430 1293 1453 com—

304 1476 529 1522 mutabitur,
556 1476 889 1526 implebunturque
910 1490 1040 1513 omnes
1064 1477 1208 1525 hydriae
1230 1490 1294 1513 us—

302 1549 374 1585 que
395 1536 441 1572 ad
462 1549 662 1572 summum.
687 1540 827 1573 Omnes
853 1537 952 1572 enim
974 1536 1235 1586 implebuntur
1255 1536 1294 1572 in

303 1595 411 1631 bonis
440 1595 574 1632 domus
606 1596 778 1641 Domini3
807 1609 891 1632 cum
925 1596 995 1632 illae
1027 1594 1293 1632 desiderabiles

302 1656 444 1703 nuptiae
472 1655 628 1704 Sponsi‚
659 1655 696 1691 id
728 1664 784 1691 est
812 1655 968 1701 Christi,
992 1663 1029 1691 et
1049 1659 1228 1704 Sponsae,
1255 1653 1293 1690 id

302 1721 355 1749 est
379 1714 600 1749 universalis
623 1714 814 1758 Ecclesiae,
844 1714 1151 1751 celebrabuntur.
1180 1714 1293 1751 Bibe-

303 1781 436 1821 turque
467 1772 502 1807 in
533 1785 677 1808 sumnia
707 1772 831 1808 laetitia
861 1772 984 1809 cordis
1015 1773 1186 1809 omnium
1216 1773 1293 1809 cla—

1359 1136 1437 1159 mas
1457 1130 1669 1158 sanctorum
1691 1135 1898 1171 expressas,
1915 1129 1952 1157 et
1969 1129 2154 1170 separatas
2171 1120 2217 1157 ab
2233 1121 2348 1157 acinis

1359 1183 1397 1218 in
1418 1181 1594 1219 torculari
1615 1181 1734 1217 crucis
1748 1209 1756 1224 ‚
1777 1181 1814 1217 in
1838 1180 1966 1217 labore
1989 1189 2026 1217 et
2046 1181 2126 1226 siti,
2149 1181 2187 1216 in
2209 1181 2346 1231 frigore

1359 1249 1396 1276 et
1415 1241 1604 1285 nuditate,
1627 1239 1662 1275 in
1684 1239 1819 1289 vigiliis
1842 1240 1986 1285 multis,
2008 1247 2044 1275 et
2064 1238 2145 1276 aliis
2162 1240 2348 1276 exercitiis

1359 1298 1629 1348 spiritualibus.
1663 1298 1769 1335 Bibet
1797 1299 1880 1344 lias,
1912 1299 1949 1335 id
1975 1307 2051 1346 est,
2081 1299 2150 1335 sibi
2180 1299 2346 1336 delecta-

1359 1357 1484 1394 biliter
1515 1358 1796 1408 incorporabit,
1831 1359 1966 1395 faciens
1995 1367 2036 1395 ut
2067 1371 2165 1395 unus
2194 1359 2347 1409 spiritus

1360 1429 1485 1452 secum
1506 1416 1647 1461 effecti,
1678 1429 1761 1452 cum
1785 1416 1866 1465 ipso
1886 1425 1922 1452 et
1943 1417 1978 1452 in
1999 1417 2080 1466 ipso
2100 1431 2120 1453 a
2140 1419 2281 1454 cunctis
2302 1418 2348 1454 de

1360 1483 1495 1511 caetero
1529 1473 1721 1511 laboribus
1754 1475 2000 1523 requiescant.
2031 1476 2200 1513 Timeant
2219 1485 2255 1513 et
2285 1490 2347 1513 ca-

1362 1542 1473 1571 veant
1504 1533 1573 1570 sibi
1605 1534 1667 1570 illa
1696 1533 1847 1583 putrida
1877 1546 2016 1584 grana,
2049 1535 2180 1572 fratres
2215 1535 2347 1582 falsos,

1360 1606 1559 1643 perversos
1593 1593 1815 1630 christianos
1847 1593 1953 1639 dico,
1986 1594 2049 1643 qui
2079 1594 2118 1630 in
2149 1607 2188 1631 se
2218 1595 2348 1632 vinum

1359 1666 1435 1689 non
1457 1652 1674 1698 continent,
1704 1651 1768 1688 sed
1789 1665 1998 1699 venenum;
2027 1653 2091 1701 qui
2112 1653 2150 1688 in
2173 1654 2349 1690 torculari

1358 1712 1479 1748 crucis
1513 1711 1635 1761 premi
1668 1712 1824 1757 nolunt,
1856 1720 1893 1748 et
1923 1712 1959 1748 in
1991 1711 2120 1749 labore
2152 1712 2348 1749 hominum

1359 1784 1436 1807 non
1461 1778 1558 1807 sunt.
1583 1772 1747 1808 Caveant
1761 1797 1771 1816 ,
1793 1770 1946 1820 inquam
1962 1798 1972 1816 ,
1992 1770 2082 1807 dum
2104 1779 2252 1820 tempus
2271 1779 2345 1816 est,

302 1831 482 1867 uiantium
504 1831 666 1867 Domino
680 1860 688 1876 ‚
707 1839 744 1867 et
763 1831 967 1868 dicentium
988 1846 994 1867 :
1019 1835 1067 1867 Ta
1082 1832 1213 1867 bonum
1234 1835 1293 1867 vi·
1312 1833 1339 1869 C
1359 1844 1405 1868 ne
1430 1831 1575 1881 porcis,
1598 1830 1634 1867 id
1654 1839 1709 1866 est
1727 1829 1899 1876 diabolis,
1921 1830 2127 1867 devorandi
2145 1830 2348 1880 projician-

301 1904 388 1926 mtm
411 1894 558 1925 servasti
576 1903 694 1937 usque
715 1891 836 1926 adhuc
855 1897 880 1927 ⁹.
903 1894 976 1927 Nos
997 1900 1119 1927 autem
1136 1890 1292 1927 dicimus

302 1950 396 1986 lianc
425 1949 587 1985 laetitiam
610 1962 676 1998 per
696 1948 821 1985 cibum
845 1950 1063 1999 significari,
1092 1963 1177 1986 cum
1197 1950 1292 1986 scri-

302 2017 407 2058 ptum
431 2009 496 2053 sit,
538 2010 583 2044 Ut
609 2010 727 2044 edatis
758 2018 793 2044 et
822 2008 954 2045 [albatis
984 2022 1097 2057 super
1127 2022 1291 2044 mensam

302 2081 421 2102 meam
450 2071 486 2102 ite
515 2081 625 2116 regno
646 2081 725 2102 meo
749 2066 761 2089 ³
784 2082 790 2102 :
819 2068 905 2104 licet
934 2068 1121 2117 expositio
1148 2081 1292 2118 praece-

302 2127 426 2163 dentis
462 2127 691 2163 auctoritatis
721 2127 831 2163 ctiam
862 2127 899 2163 in
926 2127 994 2163 bac
1026 2128 1142 2176 possit
1168 2128 1290 2164 locum

301 2184 483 2221 obtinere.
506 2186 541 2221 Si
563 2199 652 2221 vero
672 2194 810 2222 asserat
830 2186 962 2235 aliquis
982 2187 1179 2236 indignum
1197 2187 1291 2233 fore,

303 2252 343 2279 ut
378 2251 478 2279 tanta
508 2244 601 2280 vitis
638 2252 782 2280 tantum
818 2244 986 2281 laborata
1019 2253 1056 2281 et
1090 2244 1291 2290 laborans,

303 2315 420 2338 unum
454 2311 597 2338 tantum
629 2302 780 2339 botrum
811 2304 1052 2352 produxerit3
1086 2313 1230 2353 potest,
1264 2304 1294 2340 si

303 2362 402 2405 vult,
433 2374 473 2396 ea
513 2374 596 2409 quae
628 2375 697 2397 nos
726 2375 841 2409 grana
878 2364 1130 2412 appellamus,
1163 2362 1295 2399 botros

304 2420 509 2469 appellare,
534 2428 569 2455 et
589 2421 745 2469 singulis
767 2421 928 2469 aliquam
948 2435 1153 2470 granorum
1171 2422 1298 2458 multi-

306 2478 472 2514 tudinem
494 2478 713 2527 adjungere.

361 2538 444 2574 176.
488 2540 753 2574 Verumtamen
794 2551 870 2574 non
911 2538 1217 2575 irrationabiliter
1259 2540 1296 2576 in

1359 1899 1419 1928 tur
1433 1920 1442 1937 ,
1460 1891 1548 1940 quia
1564 1890 1600 1927 in
1622 1891 1770 1927 cellaria
1788 1890 1889 1940 regia
1906 1903 1982 1927 non
2006 1890 2077 1927 nisi
2094 1903 2162 1940 per
2180 1891 2348 1928 torcular

1359 1951 1479 1988 crucis
1499 1951 1570 1986 iter
1588 1958 1657 1987 est.

1414 2011 1499 2048 177.
1527 2008 1706 2046 Restabat
1734 2008 1843 2046 nobis
1869 2009 1993 2045 dicere
2013 2008 2058 2045 de
2078 2009 2251 2046 secundis
2275 2009 2347 2046 sso—

1359 2068 1461 2106 ribus
1479 2069 1573 2106 Vitis
1593 2077 1748 2113 nostrae,
1770 2076 1809 2105 et
1824 2068 1870 2105 de
1888 2067 2068 2105 fructibus
2091 2068 2240 2105 illorum
2254 2096 2265 2114 ,
2289 2081 2347 2106 se-

1357 2129 1523 2166 cundum
1547 2128 1650 2178 quod
1676 2129 1855 2178 scriptum
1887 2137 1964 2175 est,
1996 2130 2048 2165 Et
2073 2129 2237 2175 refloruit
2263 2143 2349 2165 caro

1359 2201 1444 2224 mea
1467 2187 1480 2213 4
1510 2203 1518 2224 ε
1553 2187 1656 2236 quod
1682 2187 1728 2224 de
1757 2189 2030 2225 resurrectione
2048 2187 2121 2224 dici
2152 2188 2276 2224 nullus
2294 2196 2350 2225 est

1359 2247 1423 2296 qui
1443 2246 1626 2296 ambigat3
1652 2245 1758 2295 cujus
1780 2247 1920 2284 fructus
1946 2247 2016 2283 erit
2035 2247 2153 2296 gloria
2177 2259 2348 2284 resurre-

1361 2306 1493 2342 ctionis
1522 2305 1696 2342 secundae
1716 2320 1723 2341 :
1746 2305 1810 2341 sed
1831 2318 1901 2342 nos
1920 2306 2036 2355 magis
2064 2306 2248 2355 legentem
2275 2319 2348 2342 vo-

1361 2365 1479 2401 lentes
1499 2364 1684 2400 sitientem
1706 2364 1937 2412 relinquere,
1957 2377 2068 2413 quam
2087 2364 2348 2410 fastidientem,

1363 2424 1422 2460 bic
1440 2424 1526 2459 huic
1548 2423 1713 2460 sermoni
1735 2423 1935 2459 terminum
1960 2424 2208 2473 imponimus,
2229 2424 2348 2473 parati

1363 2482 1584 2528 emendare,
1611 2482 1779 2528 demere,
1806 2491 1843 2519 et
1869 2491 2037 2528 mutare,
2068 2482 2186 2519 sicubi
2216 2491 2348 2520 contra

1364 2542 1494 2587 fidem,
1524 2550 1560 2578 et
1585 2550 1715 2578 contra
1740 2555 1861 2579 sacras
1882 2543 2095 2592 Scripturas
2115 2542 2256 2591 aliquid
2286 2542 2348 2579 di-

306 2596 479 2644 praesenti
509 2595 639 2632 botros
667 2598 759 2634 Vitis
787 2598 1007 2634 innumeros
1032 2598 1290 2644 inveniemus,
1310 2608 1342 2640 D
1362 2602 1505 2647 ximus,
1528 2601 1564 2637 in
1586 2600 1762 2637 omnibus
1783 2602 1917 2650 gratias
1936 2601 2130 2637 humiliter
2150 2609 2300 2650 agentes
2316 2602 2350 2638 ei

305 2655 333 2690 si
360 2668 491 2690 omnes
522 2655 714 2701 ecclesias,
744 2656 870 2692 omnia
899 2657 1143 2703 monasteria,
1164 2671 1294 2695 omnes

304 2714 630 2763 congregationeS,
651 2728 734 2763 quae
756 2716 792 2751 in
815 2716 990 2752 universa
1012 2717 1173 2753 Ecclesia
1193 2726 1292 2762 sunt,

307 2773 480 2809 volumus
508 2773 657 2810 intueri.
690 2778 769 2811 Hos
804 2775 903 2811 enim
935 2775 1067 2811 botros
1094 2776 1177 2824 quis
1206 2790 1295 2826 pro—

306 2833 433 2878 duxit,
467 2833 538 2871 nisi
568 2835 660 2871 Vitis
692 2837 848 2872 nostra?
877 2839 968 2872 Nam
997 2844 1034 2872 et
1065 2836 1232 2874 Christus
1259 2845 1295 2873 et

308 2893 467 2929 Ecclesia
498 2893 581 2929 vitis
612 2907 685 2930 una
712 2904 819 2939 sunt,
856 2896 949 2931 sicut
982 2909 1101 2931 unum
1131 2909 1293 2945 corpus;

305 2952 459 3001 singulae
490 2953 819 3002 congregationes,
852 2955 986 3003 singuli
1020 2954 1141 3001 botri,
1181 2968 1295 3005 grana

1360 2660 1422 2709 qui
1444 2660 1605 2709 gratuita
1631 2660 1746 2708 gratia
1769 2673 1835 2696 sua
1855 2673 1923 2697 nos
1943 2660 2113 2705 edocuit,
2139 2660 2204 2709 qui
2229 2661 2350 2709 aperit

1362 2731 1403 2755 os
1424 2727 1633 2763 mutorum,
1658 2727 1694 2754 et
1719 2719 1863 2768 linguas
1889 2719 2088 2755 infantium
2113 2718 2269 2756 disertas
2293 2719 2349 2755 fa-

1361 2778 1431 2821 cit3
1460 2777 1603 2812 nomini
1629 2776 1736 2825 cujus
1763 2790 1903 2814 novum
1925 2774 2152 2828 principium
2177 2778 2349 2827 opusculi

1360 2836 1472 2885 liujus
1493 2838 1680 2886 finemque
1700 2851 1963 2875 consecramus
1983 2839 2129 2887 optimo
2155 2845 2191 2874 et
2213 2836 2344 2874 dulcis-

1361 2897 1454 2933 simo
1480 2900 1580 2933 Jesu.
1611 2901 1744 2932 Amen.

355 3081 363 3096 ¹
381 3075 500 3106 Cantic.
527 3087 558 3113 ν,
581 3080 607 3108 l.
631 3095 674 3101 -—
691 3083 702 3099 ²
722 3082 813 3111 Joan.
829 3090 872 3117 u,
902 3084 951 3110 to.
969 3099 1012 3103 ——
1028 3079 1041 3101 ³
1060 3083 1131 3112 Luc.
1154 3091 1246 3117 xxxi,
1270 3083 1323 3113 30.
1341 3099 1376 3103 —-
1400 3082 1413 3107 ‘l
1433 3080 1511 3110 l‘sal.
1531 3090 1625 3110 xxvii
1640 3103 1648 3118 ,
1669 3083 1698 3111 7.
