2418 3949
159 240 230 276 961

911 241 975 274 DE
1005 239 1234 274 PASSIONE
1264 239 1451 272 DOMIM.

156 318 233 354 imo
257 316 342 366 quia
376 328 509 352 verum
530 323 585 352 est
604 315 768 351 humano
787 315 958 364 sanguini
975 327 1052 363 prae
1071 326 1142 349 cae-
1158 310 1185 329 ⁴⁷

2129 236 2205 271 962

1190 311 1252 347 ”es
1273 322 1310 348 lu
1322 341 1331 356 ‚
1355 318 1442 360 qula
1464 313 1638 348 bonorum
1656 326 1817 348 meorum
1837 326 1908 348 non
1932 326 2013 361 eges
2033 319 2055 348 ¹.
2074 315 2116 349 In
2134 312 2204 347 hoe

157 377 244 413 teris
267 384 407 413 tantam
429 375 650 412 naturaliter
678 374 799 410 inesse
825 373 1080 417 dulcedinem3
1105 380 1147 408 ut
1165 373 1191 406 A
1213 370 1319 408 brevi
1342 385 1453 408 versu
1480 371 1831 420 comprehenditur,
1861 373 1944 420 quis
1965 380 2110 408 amator
2130 384 2202 406 no-

155 449 240 472 cum
260 449 280 472 a
298 436 416 473 bestia
437 434 605 485 qualibet
623 435 737 470 semel
757 442 925 482 gustatus
943 433 1052 469 fucrit
1065 461 1075 476 ‚
1101 432 1147 468 il-

155 496 232 532 lum
254 495 300 532 de
319 505 454 532 caetero
474 507 623 544 semper
640 502 788 543 gustare
808 493 1014 536 desideret,
1040 493 1089 528 ita
1108 500 1149 527 ut

154 555 235 592 aliis
246 554 470 592 animalibus
483 554 702 603 postpositis
712 581 722 598 ‚
739 552 910 601 sanguini
924 552 1150 588 insidientur

156 613 322 650 humano
335 643 345 659 ,
365 622 403 650 et
425 614 464 650 in
485 621 645 649 mortem
663 625 766 649 suam
788 620 899 648 ruant
916 624 987 660 pro
1001 611 1066 646 illo
1085 623 1148 646 ac-

155 673 341 722 quirendo
359 673 616 722 :quantumin
635 685 674 708 se
691 671 811 708 credis
830 669 969 707 habere
989 669 1151 706 dulcedi-

156 733 215 769 nis
238 733 457 782 sanguinem
480 731 563 768 Filii
582 731 745 767 hominis
764 734 852 767 Jesu
873 730 1031 767 Christi?
1053 732 1147 765 Ecce

160 791 292 828 sitiunt
311 790 549 827 irrationales
567 789 694 826 bestiae
723 790 940 839 sanguinem
962 789 1145 834 hominis3

155 858 193 886 et
212 863 289 886 non
310 849 430 886 sitiam
451 861 520 897 ego
546 849 764 897 sanguinem
786 849 869 886 Filii
885 849 983 885 Dei?
1013 848 1146 885 Bestiae

155 916 297 958 quanto
315 908 399 958 plus
415 907 666 956 gustaverint,
683 916 788 943 tanto
809 908 893 957 plus
909 908 1044 944 sitiunt
1061 920 1148 944 san—

154 967 308 1016 guinem
323 966 529 1002 humanum
549 981 557 1002 z
579 974 617 1002 et
636 978 705 1015 ego
727 966 909 1002 fastidiam
928 967 1145 1016 sanguinem

155 1025 225 1062 Dei
249 1033 287 1062 et
310 1025 474 1061 hominis
498 1024 653 1074 benigni
679 1027 795 1062 Jesu?
820 1026 950 1062 Bestiae
973 1034 1089 1062 ruunt
1109 1026 1147 1062 in

1213 440 1289 468 ster
1302 431 1368 476 sit,
1388 431 1471 479 quis
1487 434 1606 476 Deus;
1623 438 1658 466 et
1673 443 1789 479 quare
1807 431 2007 475 amaverit,
2023 443 2068 466 ex
2087 428 2204 465 verbo

1213 490 1383 539 sequenti
1399 490 1567 526 elicitur:
1583 489 1757 525 videlicet
1775 502 1848 525 non
1868 489 1951 525 idco
1966 489 2104 525 amavit
2121 501 2202 531 noS‚

1214 557 1255 585 ut
1275 549 1415 597 aliquid
1441 549 1561 585 nostri
1587 549 1793 598 acciperet,
1822 550 1885 598 qui
1916 548 2103 585 bonorum
2132 562 2204 584 no-

1214 617 1378 645 strorum
1394 621 1470 644 non
1491 616 1594 656 cget;
1611 608 1675 643 scd
1692 608 1851 656 gratuita
1871 608 1987 655 gratia
2001 621 2077 644 sua.
2094 607 2202 654 Quod

1218 669 1247 705 si
1273 669 1383 705 etiam
1409 669 1446 704 in
1474 668 1582 704 nobis
1607 676 1704 704 esset
1731 668 1871 716 aliquid
1902 667 1990 703 boni
2017 668 2119 716 quod
2144 668 2206 703 ille

1212 735 1431 777 appeteret,
1454 740 1532 762 non
1558 726 1630 762 hoc
1651 741 1670 762 a
1694 726 1802 762 nohis
1817 755 1825 770 ‚
1855 727 1919 762 sed
1941 726 1987 762 ab
2007 727 2070 762 illo
2088 726 2205 762 hahe-

1213 799 1350 824 remus.
1367 786 1536 833 Qualiter
1549 795 1670 821 autem
1688 786 1870 822 amaverit
1887 798 1955 822 nos
1971 794 2115 822 amator
2132 798 2206 821 no-

1212 855 1306 892 ster,
1336 846 1494 895 exponit
1517 846 1580 881 ille
1607 846 1671 894 qui
1692 845 1741 881 ait
1762 860 1770 880 :
1805 846 1892 880 Cum
1918 845 2039 880 adhuc
2064 849 2206 879 inimici

1213 917 1390 948 essemus,
1412 906 1640 940 reconciliati
1659 917 1783 939 summ
1802 906 1880 939 Dea
1906 908 1931 939 ².
1953 907 1972 940 J
1979 911 2082 940 ustus
2104 903 2203 938 enim

1213 961 1392 1011 injustos,
1421 962 1523 998 solus
1549 961 1671 998 bonus
1687 970 1724 997 et
1744 962 1828 1011 pius
1845 970 2060 1011 peccatores
2076 969 2112 997 et
2132 961 2205 996 im-

1214 1021 1297 1070 pios
1326 1020 1525 1057 adamavit.
1556 1023 1588 1057 O
1616 1028 1755 1069 quanta
1783 1020 1972 1068 dignatio!
2003 1023 2085 1056 Jam
2116 1032 2206 1054 vero

156 1092 314 1121 mortem
340 1097 468 1130 suain,
492 1084 690 1121 dulcedine
709 1084 901 1133 sanguinis
917 1085 1073 1121 humani
1089 1092 1147 1120 at·
1166 1082 1192 1115 B
1211 1087 1393 1129 quantum
1421 1079 1624 1124 amaverit,
1652 1078 1859 1115 videamus.
1887 1078 1979 1126 Quis
2007 1078 2077 1114 hoc
2100 1078 2206 1114 sussi-

158 1152 282 1180 tractae
308 1157 316 1179 :
337 1156 407 1192 ego
429 1156 506 1179 non
532 1142 718 1180 festinabo
737 1143 783 1180 ad
810 1143 924 1180 vitam
946 1156 1063 1180 meam
1078 1172 1089 1189 ,
1110 1152 1148 1180 et

157 1203 377 1254 sanguinem
398 1203 599 1240 rubicundi
614 1207 702 1240 Jesu
719 1211 756 1240 et
770 1203 942 1240 candidi?
959 1207 1040 1240 Imo
1060 1217 1148 1240 vere

157 1261 361 1308 festinabo,
390 1275 509 1298 emam
539 1270 576 1298 et
602 1261 742 1299 bibam.
772 1266 901 1299 Emam
923 1262 1066 1312 absque
1085 1277 1149 1300 ar—

157 1331 272 1372 gento
296 1330 338 1360 et
359 1321 502 1371 absque
527 1323 602 1358 ulla
632 1323 928 1359 commutatione
952 1323 1083 1359 vinnm
1112 1331 1150 1360 et

159 1382 232 1418 mel
256 1397 264 1419 :
284 1395 368 1432 quae
383 1381 493 1419 nobis
511 1383 702 1432 Sapientia
723 1383 842 1419 Patris
857 1383 1024 1419 altissimi
1045 1383 1151 1420 beni-

158 1443 268 1492 gnius
298 1441 445 1478 miscuit
470 1442 509 1478 in
537 1450 680 1478 cratere
709 1442 835 1478 cordis
863 1443 939 1488 sui,
971 1443 1148 1480 nimirum

161 1501 380 1550 sanguinem
398 1513 506 1537 suum
519 1529 529 1546 ‚
547 1501 710 1550 pretium
728 1501 815 1537 vitae
834 1510 986 1538 nostrae.
1007 1506 1153 1552 Prope-

161 1568 241 1596 rate
261 1572 407 1596 mecum
422 1588 432 1605 ,
449 1560 513 1608 qui
530 1559 681 1608 diligitis
696 1560 901 1596 Dominum
920 1575 927 1597 :
946 1561 1058 1597 emite
1076 1575 1152 1598 non

161 1617 475 1668 corruptibilibus
494 1632 586 1655 auro
604 1627 641 1654 ct
660 1628 814 1668 argento
829 1648 838 1665 ‚
860 1619 924 1656 sed
945 1629 1154 1657 commuta-

162 1680 266 1716 tione
282 1691 431 1715 morum
447 1687 483 1714 et
499 1680 798 1715 conversationis
817 1688 952 1716 vestrae
972 1681 1101 1717 vinum
1118 1689 1155 1717 ct

164 1739 222 1775 lac
234 1767 244 1784 ‚
262 1739 480 1787 sanguinem
500 1738 606 1774 illum
624 1738 709 1774 dico
730 1739 972 1787 purissimum
986 1769 995 1784 ,
1014 1740 1156 1789 pretio-

163 1798 369 1843 sissimum3
387 1797 634 1834 inebriantem
654 1798 842 1847 perfectos
855 1826 864 1842 ‚
886 1807 928 1834 ut
947 1799 1076 1835 vinum
1091 1814 1099 1845 ;
1115 1807 1157 1835 ut

1213 1139 1355 1175 cienter
1372 1137 1493 1174 dicat?

1521 1247 1696 1287 CAPUT
1726 1247 1898 1286 XXXV.

1555 1372 1602 1401 De
1619 1380 1688 1400 rosa
1705 1369 1870 1400 Passionis.

1274 1496 1359 1533 126.
1385 1499 1479 1533 Eece
1504 1496 1543 1532 in
1567 1495 1802 1544 expositione
1823 1493 1934 1543 hujus
1956 1493 2062 1530 verbi
2084 1508 2212 1531 neces-

1220 1557 1357 1593 sarium
1376 1555 1558 1592 habemus
1573 1568 1694 1591 rosam
1712 1554 1896 1604 passionis
1913 1567 2005 1590 rosae
2024 1553 2214 1590 charitatis

1221 1616 1473 1665 conjungere;
1496 1623 1537 1651 ut
1557 1627 1641 1650 rosa
1668 1613 1861 1650 charitatis
1885 1613 1922 1648 in
1947 1613 2122 1662 passione
2145 1626 2212 1648 ru-

1222 1675 1360 1719 bescat,
1377 1683 1414 1710 et
1428 1687 1513 1711 rosa
1528 1674 1713 1723 passionis
1730 1673 1814 1721 igne
1829 1672 2018 1708 charitatis
2032 1671 2212 1708 ardescat.

1221 1738 1381 1771 Tantum
1397 1733 1496 1769 enim
1511 1733 1641 1769 dilexit
1657 1746 1726 1768 nos
1740 1731 1898 1767 dilector
1913 1739 2054 1776 noster,
2070 1740 2111 1766 ut
2128 1731 2215 1766 cha—

1223 1794 1340 1829 ritatis
1361 1792 1497 1829 ardore
1520 1800 1678 1841 cogente
1702 1790 1879 1827 ruborem
1908 1791 2092 1840 passionis
2120 1791 2215 1826 inci-

164 1858 241 1904 lac,
260 1857 439 1907 parvulos
452 1856 694 1893 nutrientem.
713 1857 749 1893 Si
770 1857 959 1907 perfectus
972 1886 981 1903 ‚
1004 1858 1033 1893 si
1051 1858 1156 1894 sortis
1177 1859 1204 1894 C
1223 1853 1351 1897 deret,
1381 1852 1619 1901 traderetque
1639 1852 1676 1887 in
1708 1859 1867 1886 mortem
1896 1850 2056 1886 animam
2089 1863 2191 1886 suam
2205 1878 2213 1894 ‚

163 1930 222 1962 es,
244 1917 372 1953 vinum
399 1925 455 1953 est
485 1915 550 1952 tibi
573 1916 725 1965 sanguis
745 1917 832 1962 iste,
857 1917 1007 1965 sanguis
1031 1930 1155 1953 mera-

165 1977 346 2014 cissimus.
373 1977 409 2013 Si
435 1976 556 2013 adhuc
583 1976 758 2012 infirmus
784 1989 823 2012 es
850 1984 887 2012 et
907 1977 965 2012 cui
992 1989 1088 2026 opus
1112 1976 1157 2012 sit

166 2037 260 2073 lacte
274 2064 282 2080 ‚
305 2036 362 2072 lac
387 2044 443 2072 est
462 2035 528 2072 tibi
548 2036 594 2072 ad
615 2036 858 2072 nutriendum
882 2044 929 2072 te.
956 2036 1048 2072 Bibe
1067 2049 1157 2085 ergo

167 2096 386 2144 sanguinem
406 2096 507 2132 hunc
526 2095 835 2141 meracissimum,
853 2095 946 2141 fide,
963 2096 1158 2141 memoria,

166 2164 203 2192 et
223 2155 361 2191 intuitu
378 2155 575 2204 spirituali.
605 2158 700 2191 Ecce
725 2154 795 2191 sub
816 2155 1044 2203 compendio
1058 2184 1066 2200 ‚
1088 2156 1160 2191 ite—

169 2227 328 2263 rumque
354 2213 494 2250 reduco
525 2213 590 2250 tibi
620 2214 865 2263 multiplicem
893 2215 1084 2263 sanguinis
1108 2215 1162 2250 ef-

168 2274 351 2310 fusionem
381 2273 577 2323 largissimi
598 2276 709 2316 Jesu,
737 2286 811 2322 qua
835 2285 957 2308 rosam
979 2273 1163 2322 passionis

168 2341 205 2368 ct
228 2333 418 2368 charitatis
444 2346 521 2368 suae
541 2332 758 2368 rubricavit.
788 2332 986 2369 Charitatis
1009 2332 1161 2381 quidem

167 2391 266 2427 illius
297 2390 470 2427 ardorem
501 2391 689 2427 humanus
725 2390 1051 2439 comprehendere
1087 2404 1163 2427 non

168 2450 305 2487 sufficit
338 2451 568 2496 intellectus,
603 2450 673 2486 nisi
700 2458 883 2498 quantum
914 2463 960 2486 ex
993 2450 1166 2499 passione

170 2509 309 2558 ipsius,
327 2522 411 2558 quae
430 2510 574 2546 cunctis
593 2510 788 2559 apparuit,
809 2509 1110 2559 comprehendit.

465 2640 640 2679 CAPUT
669 2640 864 2679 XXXIV.

510 2758 559 2786 De
578 2765 648 2786 rosa
664 2746 832 2785 charitatis.

181 2899 183 2901 ,
231 2864 315 2902 125.
352 2869 620 2903 Verumtamen
647 2866 753 2915 prius
773 2865 820 2902 de
853 2879 935 2903 rosa
959 2867 1168 2913 eharitatis,

173 2938 284 2975 quam
300 2924 347 2961 de
361 2938 446 2961 rosa
462 2926 643 2974 passionis
656 2926 860 2962 videamus.
878 2926 1060 2963 Ardorem
1077 2940 1170 2963 rosae

174 2984 363 3021 charitatis
380 2985 671 3034 perpende-mm,
693 2986 721 3021 si
743 2984 941 3034 diligenter
960 2986 1168 3026 videamus,

177 3043 282 3093 quis,
301 3044 424 3092 qualis
438 3072 447 3089 ‚
467 3054 672 3093 quantum,
695 3058 812 3094 quare
832 3046 1012 3081 amaverit
1028 3054 1174 3081 amator

177 3103 389 3140 misericors
409 3114 445 3141 ct
466 3104 658 3142 mirabilis.
685 3111 838 3142 Amator
858 3114 987 3142 noster
1017 3114 1070 3141 est
1096 3106 1171 3149 ille,

177 3175 256 3211 quo
278 3162 370 3199 nihil
395 3163 537 3213 majus,
561 3164 652 3200 nihil
671 3164 808 3207 ditius,
831 3165 920 3200 nihil
941 3165 1095 3209 fortius;
1117 3165 1175 3200 cui

181 3221 305 3257 omnis
326 3223 482 3271 spiritus
501 3224 726 3268 confitetur,
746 3224 926 3273 quoniam
954 3227 1053 3260 Deus
1076 3238 1176 3260 meus

235 3353 240 3366 ¹
263 3347 341 3377 psal.
362 3359 419 3381 xv,
438 3353 467 3378 12.
491 3368 532 3371 -—
552 3355 563 3370 ²
580 3353 670 3380 Rom.
688 3362 719 3387 v,
745 3355 792 3380 14).

326 3419 406 3440 ΓΟΜ,
440 3420 452 3435 ἲ
467 3437 472 3442 .

1224 1920 1383 1948 mortem
1400 1920 1522 1948 autem
1540 1911 1660 1947 crucis
1673 1939 1682 1955 ,
1702 1924 1778 1946 non
1795 1909 1960 1946 breviter
1976 1910 2217 1953 transeuntis,

1224 1972 1288 2009 sed
1310 1986 1329 2008 a
1350 1972 1537 2021 principio
1556 1979 1662 2007 ortus
1683 1971 1740 2006 sui
1760 1982 1880 2018 usque
1901 1970 1937 2005 in
1959 1970 2068 2004 tinem
2089 1969 2221 2004 mortis

1225 2032 1433 2068 durissimae
1459 2031 1712 2081 perdurantis.
1743 2031 1845 2067 Sicut
1880 2029 2016 2065 etenim
2050 2029 2222 2078 superius

1228 2101 1359 2129 vestrae
1394 2092 1740 2128 eonunemlaximus
1761 2090 1953 2133 charitati,
1977 2102 2069 2125 crux
2086 2089 2221 2138 optimi

1226 2156 1314 2190 Jesu
1335 2152 1471 2189 Christi
1489 2165 1564 2188 non
1584 2159 1726 2187 tantum
1746 2151 1812 2186 suit
1830 2150 1940 2185 unius
1954 2149 2046 2193 diei;
2065 2149 2128 2185 sed
2149 2158 2225 2184 tota

1229 2213 1304 2248 vita
1326 2213 1423 2248 illius
1447 2224 1538 2247 crux
1559 2212 1627 2247 suit
1651 2219 1687 2246 et
1717 2210 1955 2258 martyrium.
1980 2209 2115 2245 Omnia
2135 2222 2226 2257 crgo

1229 2285 1477 2321 quaecumque
1498 2284 1628 2321 passus
1651 2279 1705 2306 cst
1726 2270 1912 2306 Dominus
1932 2269 1967 2303 in
1990 2268 2122 2303 dicbus
2142 2282 2224 2304 car-

1231 2331 1289 2367 nis
1309 2344 1384 2367 suae
1400 2360 1409 2375 ,
1425 2331 1471 2367 ad
1491 2330 1669 2366 ruhorem
1687 2329 1818 2377 utique
1837 2327 2020 2377 passionis
2037 2328 2227 2376 pertinent

1232 2403 1327 2426 rosae
1344 2390 1542 2439 passionis,
1563 2389 1734 2438 quamvis
1751 2387 2002 2423 effusionibus
2017 2386 2157 2422 crebris
2171 2400 2228 2422 sa-

1233 2448 1430 2484 cratissimi
1473 2448 1666 2497 sanguinis
1704 2447 1822 2497 ipsius
1860 2446 2075 2496 specialiter
2117 2447 2228 2482 suerit

1233 2506 1436 2544 rubricata.
1463 2507 1533 2545 Sed
1555 2507 1644 2556 quia
1660 2506 1787 2542 omnia
1807 2518 1890 2554 quae
1907 2518 2037 2554 passus
2056 2514 2109 2540 est
2135 2519 2230 2541 enu-

1235 2580 1379 2603 merare
1396 2581 1471 2603 non
1491 2579 1693 2616 possumus
1707 2594 1716 2610 ‚
1740 2565 1932 2614 sanguinis
1949 2565 2153 2600 ell'usioncs
2172 2578 2233 2600 sa-

1188 2633 1220 2666 D
1237 2627 1404 2663 lutiseras
1425 2640 1493 2662 nos
1517 2639 1592 2662 non
1611 2625 1735 2674 pigeat
1752 2625 1887 2660 iterare
1904 2638 1912 2667 ;
1936 2632 1976 2659 ut
1994 2637 2077 2672 quae
2090 2623 2232 2672 jugiter

1236 2694 1324 2722 sunt
1343 2685 1605 2729 memoranda,
1631 2684 1749 2720 tenaci
1777 2683 1966 2719 memoriae
1995 2683 2130 2718 arctius
2159 2683 2230 2718 im-

1236 2745 1458 2794 primantur.

1534 2859 1710 2899 CAPt'T
1741 2859 1929 2896 xxxvl.

1287 2986 1331 3013 lh·
1349 2988 1464 3023 septem
1489 2981 1692 3012 et‘t'usionihus
1712 2981 1867 3021 sauguinis
1884 2981 1964 3010 Viti<
1982 2986 2092 3010 nostra·
2113 2983 2187 3012 Jesu

1670 3035 1797 3066 Christi.

1301 3163 1382 3199 127.
1407 3162 1567 3199 Primam
1585 3162 1775 3211 sanguinis
1792 3161 2012 3196 effusionem
2029 3161 2183 3209 legimus
2199 3161 2232 3195 iu

1243 3222 1530 3260 circumcisione
1544 3251 1552 3266 ‚
1569 3221 1722 3271 quando
1740 3234 1876 3259 nomeu
1892 3219 1972 3268 ejus
1989 3227 2162 3255 roratum
2182 3227 2233 3254 est

2010 3406 2049 3436 ,Η
