2504 3928
308 217 381 258 79¹.)

976 222 1261 260 TRACTATUS
1290 226 1354 261 DE
1383 222 1670 260 CHARITATE.

2272 223 2348 259 800

302 309 404 338 stans
430 299 521 335 illud
541 297 644 347 quod
669 307 780 333 nemo
802 296 925 342 novit,
948 297 1018 334 nisi
1036 299 1099 347 qui
1119 301 1253 352 accipit
1270 301 1352 340 ¹.³⁰³
1365 309 1438 344 stu,
1454 298 1503 334 nil
1517 296 1635 347 prosit
1649 295 1812 332 exterius
1832 296 2032 342 consolari,
2050 296 2126 332 imo
2143 299 2346 336 secundum

306 365 352 396 At
374 358 521 407 quotics
542 357 643 392 illam
664 355 874 392 felicitatem
895 357 1089 406 percipiat,
1112 358 1217 396 istam
1236 374 1296 397 ne·
1315 362 1343 394 Α
1361 359 1459 395 beati
1476 356 1548 394 Job
1562 355 1805 399 sententiam,
1820 367 1949 391 omnes
1966 355 2220 392 consolatores
2240 370 2349 407 repu-

307 420 398 455 sciat
429 417 614 453 miseriam
638 428 789 451 neccsse
819 424 897 461 cst;
928 430 1011 465 quae
1033 418 1162 467 utique
1186 420 1296 457 simul

307 491 386 514 esse
408 490 482 512 uon
507 482 677 524 possunt.

355 537 374 571 7
399 535 454 572 Ad
474 535 574 570 bunc
593 542 715 569 tamen
732 534 870 569 amoris
889 533 1045 582 gradum
1068 537 1135 573 etsi
1152 548 1293 576 morta-

302 595 402 631 libus
430 593 617 629 interdum
644 593 843 642 pervenire
866 593 998 639 detur,
1023 594 1084 631 diu
1115 605 1236 634 tamen
1259 599 1296 635 in

301 667 346 690 eo
364 663 461 690 stare
481 653 604 689 anima
625 651 870 701 prohibetur,
891 652 1012 689 donec
1039 657 1296 705 corruptibili-

303 713 375 749 bus
395 721 508 749 exuta
535 711 681 747 exuviis
703 710 819 747 libere
843 712 1003 748 evaserit
1027 713 1063 748 in
1087 713 1297 752 libertatem

305 773 433 821 gloriae
460 772 622 807 liliorum
647 771 714 806 Dei
728 776 752 806 ².
781 771 920 807 Nititur
937 779 1062 807 autem
1079 781 1115 808 ct
1140 774 1300 810 trabitur

305 831 404 867 illius
433 829 618 866 desiderio
651 829 774 874 faciei,
803 842 915 878 quam
934 828 1044 877 juxta
1075 832 1298 881 prophetam

301 899 407 940 pater
427 898 465 925 ut
486 889 722 925 :ulamantem
745 887 909 937 posuit³,
931 897 970 923 ut
997 889 1115 925 ferrea
1136 904 1298 940 quaeque

303 949 416 985 corda
441 948 628 984 attrahere
655 947 785 996 possit.
818 950 972 984 Tractus
994 947 1082 994 iste,
1121 950 1188 985 etsi
1211 964 1299 986 sua·

304 1022 387 1044 vem
407 1006 608 1056 quamdam
626 1005 763 1042 habeat
775 1006 992 1042 violentiam
1007 1035 1016 1052 ,
1043 1008 1157 1056 magis
1175 1017 1297 1045 tamen

1365 428 1415 455 tat
1427 413 1644 453 onerosos⁵.
1663 415 1784 451 Sensit
1798 415 1867 450 hoc
1882 444 1891 460 ,
1905 415 1968 463 qui
1987 415 2099 451 dixit:
2117 417 2250 452 Reman
2259 431 2348 452 con-

1361 480 1476 513 solari
1496 479 1626 510 (mima
1645 487 1749 515 mea,·
1766 472 1972 520 memorsui
1988 476 2057 509 Dei
2066 503 2076 519 ‚
2094 484 2127 510 et
2145 477 2350 512 delectatus

1359 537 1475 575 sternb'.
1498 537 1597 574 Felix
1622 535 1792 578 tristitia,
1816 548 1899 584 quae
1921 535 2059 573 nonde
2077 545 2267 583 creatura,
2286 538 2350 574 sed

1362 599 1408 635 de
1434 600 1609 634 Creatore.
1645 595 1876 644 concipitur3
1911 608 1994 644 quae
2027 596 2128 632 nulla
2158 598 2351 645 praesentis

1363 657 1448 692 *itte
1470 656 1569 703 luget
1588 653 1839 689 incommoda.
1863 653 2024 702 Dignum
2041 655 2152 702 plane
2172 663 2213 690 ut
2229 658 2350 692 Deum

1366 716 1478 751 totius
1500 712 1767 749 consolationis
1787 711 1921 748 habeat
1944 713 2219 749 consolatorem
2237 742 2245 758 ,
2268 726 2352 763 quae

1367 786 1490 810 rerum
1505 772 1700 808 fluentium
1721 770 1888 820 qualibet
1904 771 2094 808 affluentia
2114 772 2238 808 renuit
2261 785 2353 809 con-

1366 832 1488 869 solari.
1513 835 1594 868 Non
1615 838 1670 866 cst
1688 830 1806 879 gratia
1829 831 1920 867 citra
1941 834 2084 876 Deum,
2111 831 2211 867 unde
2235 832 2354 880 possit

1366 892 1538 928 solatium
1569 902 1716 938 capere,
1745 902 1829 937 quae
1860 898 1995 938 pra’ter
2019 890 2124 925 illum
2152 890 2202 926 nil
2225 889 2354 926 didicit

1365 963 1502 987 amare.
1532 947 1702 985 Habeant
1730 948 1799 984 alia
1828 962 1921 984 vana
1949 949 2077 984 solatia
2098 962 2184 994 sua,
2216 948 2353 998 quibus

1365 1010 1500 1046 dicitur
1519 1023 1525 1044 :
1550 1010 1618 1043 Voe
1638 1007 1741 1043 vobis
1761 1007 1948 1053 divitibus,
1971 1012 2033 1055 qui
2058 1007 2198 1043 habetis·
2224 1022 2353 1043 conso-

302 1068 537 1104 mortalitatis
559 1066 818 1115 impotentiam
842 1073 967 1109 notat,
1001 1079 1075 1114 qua
1095 1068 1191 1103 male
1212 1081 1297 1116 gra-
1319 1066 1345 1099 Β
1366 1072 1519 1104 latioues
1539 1073 1716 1102 vestras-7.
1741 1065 1816 1102 Sibi
1839 1066 1940 1101 solus
1961 1066 2176 1102 consolator
2194 1074 2250 1102 est
2264 1094 2273 1111 ‚
2289 1067 2354 1115 qui

307 1137 390 1164 vata
413 1127 546 1164 misera
567 1126 709 1170 anima,
733 1138 830 1174 sccpe
854 1139 874 1161 a
895 1138 963 1160 suo
980 1126 1105 1161 volatu
1128 1126 1298 1163 decidere

308 1187 453 1236 cogitur
466 1215 475 1230 ,
487 1194 524 1222 et
541 1185 699 1221 delicere
715 1198 734 1221 a
746 1192 894 1220 conatu.
911 1183 1059 1221 liabent
1078 1185 1190 1233 igitur
1203 1200 1301 1222 ama-

307 1247 391 1283 torii
403 1246 572 1294 spiritus,
587 1244 756 1293 corporis
777 1243 1019 1291 corruptione
1035 1243 1186 1279 distenti
1201 1272 1209 1289 ,
1222 1258 1299 1280 cre-

304 1304 411 1341 bram
429 1304 473 1340 de
486 1304 552 1340 Dei
573 1302 785 1338 visitatione
804 1301 1058 1346 laetitiam‚sed
1077 1302 1216 1338 nullam
1235 1316 1298 1338 co-

308 1364 409 1412 piam
423 1392 432 1408 ,
454 1362 543 1398 dum
566 1374 634 1397 nec.
652 1361 764 1410 plena
780 1372 858 1396 esse
878 1360 1026 1404 sinitur,
1051 1373 1119 1396 nec
1136 1374 1296 1397 morosa.

309 1422 462 1460 Undeet
479 1420 641 1470 quodam
657 1419 829 1468 jucundo
841 1418 930 1466 joco
944 1419 1091 1454 interim
1106 1419 1235 1455 ludere
1250 1420 1300 1456 vi-

306 1482 416 1518 detur
430 1493 514 1516 cum
532 1479 614 1514 liliis
632 1478 826 1513 bominum
839 1477 867 1522 4,
883 1490 903 1513 a
919 1477 1055 1525 quibus
1072 1477 1160 1514 dum
1183 1479 1301 1514 teneri

307 1548 476 1590 putatur,
493 1551 512 1574 e
527 1536 700 1574 manibus
714 1536 853 1573 labitur
868 1551 874 1572 :
890 1537 1092 1572 insectatus
1104 1550 1142 1574 se
1161 1538 1302 1587 patitur

306 1597 597 1648 comprehendi,
619 1605 656 1632 ct
675 1596 871 1646 disparens
892 1610 1020 1633 rursus
1038 1610 1115 1633 non
1134 1597 1297 1643 videtur,

306 1659 427 1695 donec
450 1657 575 1693 denuo
596 1656 771 1704 lacrymis
795 1663 832 1691 et
856 1654 1032 1705 precibus
1057 1664 1213 1692 vocatus
1241 1670 1300 1692 re-

307 1725 496 1762 vertatur3
512 1724 549 1752 et
564 1716 614 1751 ita
632 1715 717 1751 licet
736 1714 895 1751 delectet
915 1714 1077 1751 visitatio
1093 1744 1102 1761 ‚
1126 1715 1300 1751 molestat

306 1775 534 1812 vicissitudo,
565 1774 635 1811 Sed
664 1783 807 1823 quanto
822 1801 831 1819 ‚
853 1782 962 1823 putas
978 1801 988 1818 ,
1025 1782 1178 1823 stupore
1207 1787 1298 1823 per-

1365 1137 1401 1164 ct
1425 1126 1673 1170 inhabitator,
1708 1125 1866 1160 charitas
1896 1128 2009 1160 Deus.
2043 1125 2114 1171 Qui
2145 1125 2213 1161 etsi
2243 1124 2354 1173 justis

1367 1199 1559 1236 nunquam
1579 1185 1672 1221 desit
1688 1184 1734 1220 ad
1752 1183 1948 1228 meritum;
1973 1184 2196 1233 plerumque
2228 1192 2351 1220 tamen

1366 1247 1411 1283 ad
1427 1246 1601 1283 solatium
1620 1244 1734 1281 abest.
1749 1242 1846 1279 Illud
1859 1243 2006 1289 utilius,
2024 1242 2122 1279 istud
2135 1243 2353 1292 jucundius.

1365 1305 1534 1342 Habetur
1556 1304 1686 1353 igitur,
1718 1302 1782 1339 sed
1810 1302 1919 1347 latet,
1949 1302 2038 1338 dum
2059 1315 2209 1339 sensum
2231 1303 2355 1340 cordis

1365 1364 1516 1400 minime
1543 1363 1659 1411 tangit
1684 1361 1746 1397 illa
1771 1361 1933 1397 suavitas
1953 1360 2098 1407 habita,
2125 1361 2190 1397 sed
2217 1360 2355 1398 abdita.

1418 1423 1455 1459 9.
1478 1425 1623 1458 Moram
1651 1428 1777 1456 autem
1805 1420 1981 1465 faciente,
2007 1432 2117 1468 quem
2147 1419 2354 1465 desiderat,

1367 1495 1443 1517 non
1462 1481 1539 1529 jam
1555 1493 1639 1516 cum
1662 1479 1771 1515 fatuis
1786 1477 1992 1527 virginibus
2006 1477 2183 1514 dormitat
2196 1479 2253 1514 vel
2271 1478 2357 1515 dor-

1367 1538 1472 1586 mit83
1489 1539 1552 1576 sed
1570 1537 1710 1575 crebris
1728 1550 1905 1574 succensa
1925 1537 2093 1586 suspiriis
2109 1545 2145 1573 et
2158 1537 2357 1586 gemitibus

1366 1599 1525 1636 excitata
1539 1627 1548 1643 ‚
1572 1611 1648 1634 non
1670 1598 1767 1633 valet
1788 1597 1884 1633 ultra
1902 1596 2135 1632 dissimulare
2154 1596 2356 1642 tristitiam,

1367 1672 1435 1695 nec
1448 1658 1570 1707 ignem
1593 1656 1824 1693 abscondere
1838 1684 1847 1701 ‚
1866 1655 1929 1705 qui
1947 1656 2050 1691 triste
2068 1663 2198 1704 pectus
2215 1655 2352 1692 adurit.

1363 1720 1447 1755 Non
1458 1716 1535 1765 jam
1558 1714 1758 1760 deliberat,
1783 1727 1859 1750 non
1875 1714 2037 1750 consulit
2058 1715 2262 1759 rationem,
2280 1728 2356 1751 non

1366 1774 1642 1812 verecundatur
1662 1787 1669 1809 :
1688 1772 1842 1809 modum
1865 1773 2010 1823 ignorat
2036 1781 2073 1809 et
2096 1773 2289 1819 ordinem,
2314 1773 2353 1810 id

308 1835 479 1872 funditur
506 1834 628 1870 anima
648 1832 838 1869 subtracta
858 1833 920 1868 illa
945 1832 1168 1877 dulcedine,
1196 1842 1233 1869 et
1254 1832 1301 1869 ad
1322 1835 1349 1871 C
1366 1836 1521 1871 omnino
1546 1843 1582 1871 et
1605 1833 1844 1870 solummodo
1864 1841 2053 1882 satagente
2077 1834 2224 1879 animo,
2251 1847 2352 1883 quo-

308 1895 376 1930 hos
396 1906 571 1929 sensuum
598 1893 752 1941 laqueos
775 1892 921 1941 captiva
950 1900 1105 1928 retracta
1127 1895 1141 1927 ?
1167 1896 1300 1929 Nonne

306 1954 412 2003 quasi
433 1952 478 1989 de
501 1952 619 2002 patria
644 1951 844 2001 spirituum
874 1951 980 2000 pulsa
1001 1951 1038 1987 in
1056 1951 1190 1987 vallem
1216 1965 1301 1988 cor-

306 2025 468 2061 porum,
499 2012 536 2047 in
568 2010 670 2046 aliud
694 2009 885 2059 quoddam
914 2010 1083 2057 ignotum
1122 2011 1299 2047 saeculum

307 2072 375 2108 sibi
395 2070 572 2107 cecidisse
587 2069 738 2105 videtur
751 2098 760 2114 ,
776 2069 886 2117 longe
904 2068 1082 2105 dissimile
1102 2069 1244 2118 priori,
1261 2069 1300 2106 in

301 2144 376 2180 quo
398 2129 555 2165 charitas
577 2129 706 2176 friget,
738 2127 960 2163 sensualitas
985 2136 1135 2176 regnat,
1166 2128 1297 2176 caligat

304 2189 435 2225 oculus
456 2188 610 2231 mentis,
634 2195 670 2222 et
684 2199 814 2222 sensus
828 2186 927 2234 viget
944 2186 1116 2235 corporis
1133 2188 1148 2221 Ρ
1163 2190 1298 2222 Moeret

304 2255 411 2291 tunc,
439 2259 486 2282 ex
511 2246 586 2281 alto
615 2245 775 2294 suspiria
811 2244 982 2290 trahens;
1018 2244 1106 2280 inde
1140 2245 1296 2290 misera,

303 2305 403 2341 unde
419 2304 526 2340 beata
540 2303 712 2339 efficitur.
729 2306 822 2339 Nam
839 2311 982 2351 quanto
996 2303 1159 2351 gratiora
1179 2304 1298 2340 fuerat

303 2373 477 2413 experta,
493 2377 537 2399 eo
556 2364 748 2399 molestius
767 2364 837 2399 fert
850 2377 892 2399 ea
910 2362 979 2399 sibi
997 2376 1076 2399 esse
1094 2363 1295 2399 subtracta.

302 2422 515 2460 Subtractio
536 2422 635 2458 enim
665 2422 716 2457 rei
746 2430 877 2457 amatae
892 2450 900 2466 ,
923 2422 1178 2470 augmentatio
1199 2421 1299 2457 desi-

304 2481 396 2517 derii
415 2490 481 2517 est.
498 2484 541 2517 Et
557 2480 658 2530 quod
675 2479 865 2516 ardentius
880 2488 1009 2529 optas,
1033 2493 1134 2515 cares
1151 2480 1297 2528 :egrius

305 2544 351 2577 Et
372 2540 431 2576 hic
450 2540 608 2588 languor
629 2540 766 2575 amoris
783 2567 792 2584 ,
821 2539 885 2587 qui
908 2552 982 2574 non
1008 2547 1064 2574 est
1088 2539 1208 2585 aliud,
1230 2539 1298 2574 nisi

1367 1895 1481 1931 modo
1503 1893 1631 1929 redeat
1654 1901 1876 1943 praesentata
1897 1892 2078 1936 dulcedo,
2101 1892 2208 1941 cujus
2230 1906 2353 1942 quan—

1369 1951 1536 1990 tamlibet
1558 1951 1834 1987 festinationem
1855 1959 2006 2000 reputat
2026 1950 2250 1986 tarditatem.
2272 1954 2355 1987 Hoc

1366 2020 1442 2057 est,
1461 2010 1699 2047 dilectissime
1710 2038 1719 2054 ,
1734 2009 1836 2058 quod
1853 2009 2055 2058 aliquando
2069 2009 2251 2058 quaesisti,
2264 2008 2355 2058 quid

1366 2072 1413 2108 sit
1432 2070 1535 2120 quod
1565 2069 1794 2118 Augustinus
1821 2069 2031 2106 ait:Amor
2050 2069 2116 2105 Dei
2149 2081 2225 2104 non
2255 2069 2355 2118 capit

1366 2131 1412 2167 de
1428 2128 1727 2179 impossibilitate
1748 2128 1933 2165 solatium.
1950 2131 2070 2166 Omne
2087 2128 2186 2164 enim
2209 2128 2356 2165 deside-

1365 2190 1461 2225 rium
1485 2197 1572 2225 tunc
1594 2188 1687 2224 solet
1710 2187 1855 2223 ratione
1883 2187 2065 2237 mitigari,
2091 2200 2176 2223 cum
2207 2187 2356 2224 deside-

1365 2257 1487 2284 ratum
1500 2246 1730 2296 impossibile
1749 2247 1795 2283 sit
1811 2245 1952 2282 haberi.
1968 2247 2119 2283 Amoris
2135 2254 2257 2283 tamen
2277 2246 2358 2283 vio-

1363 2307 1476 2343 lentia
1498 2307 1599 2342 nulla
1628 2305 1929 2355 impossibilitate
1961 2306 2140 2342 frenatur.
2175 2309 2267 2343 Nam
2287 2306 2355 2342 etsi

1365 2367 1527 2403 animam
1547 2374 1693 2402 terrena
1714 2365 1984 2401 inhabitatione
2004 2378 2188 2414 pressam,
2203 2365 2357 2402 immer-

1366 2438 1443 2461 sam
1461 2425 1563 2469 luto‚
1584 2424 1646 2460 illa
1678 2424 1851 2460 felicitate
1868 2437 1914 2460 ex
1937 2424 2082 2472 integro
2105 2424 2176 2460 srui
2199 2425 2355 2461 omnino

1366 2482 1595 2532 impossibile
1624 2482 1727 2518 omni
1757 2482 1898 2518 homini
1920 2490 2092 2527 constct3
2125 2483 2269 2518 nullum
2299 2491 2356 2519 ta-

1367 2555 1452 2577 men
1473 2541 1524 2577 sic
1545 2541 1683 2576 amanti
1700 2541 1778 2576 liaec
1793 2539 2074 2590 impossibilitas
2091 2540 2235 2590 praebet
2257 2542 2356 2578 sola·

306 2598 456 2634 taedium
483 2597 711 2647 impatientis
741 2597 938 2642 desiderii,
968 2610 1044 2646 quo
1066 2610 1215 2634 necesse
1242 2605 1298 2633 est
1317 2604 1347 2637 D
1366 2601 1455 2636 tium
1471 2628 1480 2645 ‚
1505 2599 1707 2649 quominus
1729 2599 1855 2635 ardeat
1876 2607 1913 2635 et
1939 2607 2069 2635 aestuet
2092 2598 2230 2635 babere
2253 2599 2357 2648 quod

305 2658 399 2693 affici
445 2665 609 2693 mentem
651 2657 897 2693 vehementer
930 2657 1110 2703 amantis,
1148 2657 1300 2694 absente

309 2729 420 2765 quem
441 2724 552 2752 amat.

361 2775 395 2810 8.
427 2778 597 2819 Frustra,
623 2774 691 2810 nisi
716 2774 845 2817 fallor,
873 2774 924 2810 sic
940 2773 1151 2822 languentis
1167 2773 1300 2810 animae

307 2841 467 2870 conatur
486 2833 568 2881 quis
590 2833 765 2868 exteriori
800 2833 933 2869 solatio
968 2833 1085 2869 lenire
1109 2833 1298 2879 dolorem,

306 2901 342 2927 et
372 2905 569 2928 moerorem
606 2900 834 2940 temperar03
866 2905 950 2927 cum
978 2891 1023 2928 de
1053 2893 1152 2928 intus
1181 2893 1302 2928 curari

307 2958 480 2999 oporteat
508 2949 617 2985 dulce
649 2950 786 2985 vulnus
817 2951 966 2986 amoris
998 2951 1110 2987 Nullo
1141 2950 1302 3000 proinde

304 3009 470 3044 humano
502 3009 636 3044 solatio
663 3009 855 3057 mitigatur
875 3009 1007 3045 secreti
1035 3009 1179 3045 doloris
1199 3022 1303 3045 sacra

305 3067 538 3113 amaritudo,
568 3082 652 3104 cum
683 3067 830 3105 sublato
855 3069 1023 3104 interiori
1049 3069 1214 3105 dulcoris
1233 3082 1303 3117 gu-

1367 2667 1486 2708 optat.
1503 2662 1586 2706 Quo
1598 2666 1720 2693 tamen
1735 2657 1920 2693 desiderio
1937 2657 2004 2693 etsi
2025 2657 2121 2693 ratio
2135 2657 2355 2704 excedatur,

1367 2731 1440 2754 non
1463 2717 1670 2753 offenditur
1686 2720 1809 2760 Deus,
1832 2716 1895 2765 qui
1916 2716 2034 2752 simile
2057 2716 2236 2765 quiddam
2258 2716 2357 2753 vide-

1367 2785 1426 2812 tur
1446 2776 1611 2812 innuisse
1633 2783 1844 2824 praecepto:
1864 2777 2002 2823 Diliges
2027 2778 2224 2810 Dominum
2240 2778 2357 2811 Deum

1365 2844 1463 2871 tuum
1492 2849 1540 2870 ex
1560 2844 1632 2870 toto
1655 2836 1762 2869 corde
1786 2844 1863 2877 luo,
1891 2847 1938 2869 ea·
1960 2843 2036 2869 tota
2055 2838 2184 2869 (mima
2205 2842 2287 2879 tua,
2311 2847 2359 2870 ex

1367 2899 1469 2929 omni
1484 2904 1602 2929 mente
1620 2903 1684 2928 tua
1696 2900 1723 2929 9.
1745 2893 1855 2940 Quod
1879 2901 2001 2929 tamen
2023 2894 2059 2929 in
2081 2892 2149 2929 hac
2168 2893 2242 2929 vita
2257 2905 2359 2929 mor·-

1369 2953 1449 2998 tali,
1486 2953 1545 2988 vel
1571 2953 1695 3001 potius
1727 2960 1849 2988 morte
1882 2952 2006 2997 vitali,
2035 2965 2055 2988 a
2077 2951 2225 2988 nemine
2249 2964 2358 3000 posse

1368 3011 1553 3061 impleri‘*,
1583 3019 1656 3046 tam
1680 3010 1908 3054 rationibus,
1938 3023 2050 3059 quam
2071 3009 2360 3046 auctoritatibus

1368 3078 1527 3106 constat.
1546 3068 1604 3106 Ab
1625 3070 1727 3105 omni
1751 3077 1874 3105 tamen
1899 3069 2052 3104 homine
2070 3067 2208 3104 debere
2223 3068 2359 3116 optari,

354 3205 361 3219 ¹
386 3201 483 3240 Apoc.
511 3210 555 3236 ιι,
589 3200 640 3229 17.
669 3216 711 3220 -
738 3204 747 3219 ²
767 3202 858 3229 Rom.
888 3210 971 3236 vui,
1003 3202 1056 3229 21.
1077 3215 1118 3221 —-
1139 3196 1278 3231 3Ezech.
1304 3212 1368 3239 ιιι,
1386 3204 1417 3231 9.
1455 3200 1520 3226 -4
1546 3203 1637 3231 Prov.
1664 3212 1743 3238 viu,
1762 3203 1817 3232 31.
1842 3218 1886 3222 -
1913 3198 1926 3221 ⁵
1945 3199 2008 3231 Job
2035 3211 2113 3238 xri,
2136 3203 2221 3231 2.-
2243 3197 2259 3221 ⁶
2280 3200 2359 3231 Psal.

309 3262 428 3287 mxxvi,
449 3255 486 3289 3,
508 3253 536 3282 4.
553 3270 595 3274 ——
614 3257 627 3281 7
644 3254 717 3282 Luc.
735 3263 786 3289 vi,
807 3253 916 3281 21„—
938 3251 950 3273 8
965 3251 1078 3282 Manli.
1095 3263 1174 3289 xxV,
1197 3257 1227 3283 5.
1248 3271 1291 3274 —
1312 3252 1394 3283 91d.
1411 3263 1504 3285 xxix.
1521 3255 1575 3283 37.

351 3311 361 3324 ⁸
379 3312 497 3351 Nempe
512 3309 681 3340 secundum
697 3320 820 3340 omnem
837 3309 1058 3351 perfectionem
1075 3321 1171 3342 suam.
1197 3310 1274 3341 Vide
1289 3313 1320 3343 S.
1337 3311 1487 3341 lleruardi
1505 3317 1593 3342 tract.
1610 3310 1648 3341 de
1662 3310 1823 3352 Diligendo
1835 3313 1914 3348 Deo,
1932 3321 1998 3351 cap.
2020 3313 2059 3340 ¹0
2071 3334 2078 3346 ,
2096 3321 2125 3340 n.
2141 3313 2196 3347 29,
2213 3315 2241 3340 et
2257 3315 2358 3340 notas.
