2418 3949
180 259 273 294 1301

898 258 962 292 Dr:
992 257 1260 292 DISCIPULts
1294 256 1507 291 EMMAUS.

2132 252 2228 286 1:302

177 333 436 382 abjectissimae
456 333 650 383 passionis.
668 337 761 369 Vere
777 333 847 369 fuit
866 345 1061 377 excessus,
1080 329 1225 368 cun1⁶⁰⁰
1240 334 1348 367 Jesus
1366 334 1576 366 Nazarenus
1596 333 1676 365 Rex
1697 328 1926 365 Judaeorum.
1949 327 2020 365 Sed
2041 329 2232 376 frangatur

180 392 314 428 dedisti
329 391 554 428 vellentibus
568 405 681 441 genas
696 400 799 434 tuas;
819 405 903 427 cum
922 391 1051 427 faeiem
1070 399 1168 426 tuam
1187 395 1219 428 A
1238 388 1465 425 alabastrum
1481 418 1489 434 ,
1514 389 1648 437 perflet
1670 397 1797 424 auster
1816 388 1965 423 bortum
1994 397 2202 424 aromatum
2224 404 2232 432 ;

184 465 258 488 non
281 452 446 488 avertisti
472 451 518 487 ab
545 450 828 500 increpantibus
856 460 893 487 et
925 449 1170 500 conspuenti-

181 511 297 556 bus‘3
325 511 478 560 quando
507 524 590 546 cum
612 511 751 559 iniquis
774 524 813 547 es
841 510 1081 559 (leputatus².
1119 510 1172 543 Tu

179 571 280 606 solas*
287 575 504 619 peregrinus
518 584 554 605 es
571 575 609 605 in
622 570 859 606 Jerusalem?
873 572 948 607 Cur
964 582 1040 606 non
1059 568 1172 605 trahis

178 644 247 667 nos
263 639 348 680 post
365 640 418 676 te,
440 638 480 666 ut
496 643 690 666 curramus
705 630 742 666 in
757 630 875 666 odore
890 637 1170 678 unguentorum

180 692 357 727 tuorum?
378 693 454 727 Cur
479 690 543 726 das
568 690 698 725 alienis
719 690 901 725 honorem
932 697 1056 735 tuum,
1085 701 1170 724 cum

178 763 248 800 pro
290 749 401 786 nobis
442 749 723 798 consumpseris
760 761 910 785 carnem
953 757 990 785 et
1030 759 1171 796 corpus

181 810 314 844 tuum?
335 812 410 845 Cur
429 809 562 845 solium
582 808 709 856 gloriae
727 816 799 843 tuae
812 836 821 853 ‚
841 808 879 842 in
900 820 977 855 quo
993 805 1171 855 judicasti

184 868 391 917 principem
422 867 534 916 hujus
554 867 685 903 mundi
700 895 709 912 ‚
741 880 817 903 non
840 866 1075 902 recordaris?
1097 867 1172 902 Cur

177 926 349 975 spiritum
368 927 494 976 gratiae
508 935 544 962 et
564 939 718 976 precum
735 938 849 975 super
868 938 936 962 nos
956 937 1032 961 non
1048 923 1173 960 effun-

178 986 255 1030 dis,
276 995 316 1022 ut
335 1000 409 1022 non
432 987 551 1023 solum
572 987 719 1035 lingua,
742 985 808 1022 sed
829 994 866 1021 et
884 997 999 1034 opere
1018 992 1054 1020 ct
1076 983 1172 1020 veri-

179 1054 252 1082 tate
269 1048 492 1083 confitentes
509 1059 577 1082 nos
591 1046 755 1082 advenas
771 1054 808 1082 et
824 1045 1042 1094 peregrinos
1058 1056 1172 1092 super

1239 448 1391 496 myrrha
1411 447 1472 484 det
1491 447 1648 483 odorem
1669 460 1799 492 suum,
1821 447 1994 483 diffluant
2015 447 2124 482 rivuli
2149 447 2232 482 bal-

1237 521 1427 544 samorum
1453 523 1460 543 ;
1488 507 1696 543 Crucifixus
1713 507 1759 542 sit
1778 507 1813 542 in
1838 507 2036 551 memoria,
2055 496 2233 543 Crueilixi

1238 566 1441 616 replicetur
1459 565 1611 614 injuria,
1637 566 1813 602 Crucilixi
1835 566 2074 601 ruminentur
2090 578 2233 615 oppro-

1238 626 1338 672 bria,
1359 635 1395 662 et
1416 626 1574 662 ebaritas
1590 625 1790 661 indefessa.
1813 625 1947 662 Omnia
1964 625 2144 660 interiora
2161 638 2233 661 no—

1237 695 1313 723 stra
1335 687 1538 736 loquantur
1555 685 1601 721 de
1622 689 1709 722 Jesu
1728 688 1919 721 Nazareno
1934 713 1943 730 ‚
1966 685 2031 733 qui
2057 684 2146 720 lavit
2165 698 2234 721 nos

1237 759 1256 782 a
1277 746 1440 795 peccatis
1460 745 1597 781 nostris
1614 745 1651 780 in
1669 744 1849 793 sanguine
1865 758 1934 780 suo
1947 773 1956 789 ,
1974 752 2014 780 ut
2034 743 2150 780 simus
2167 757 2236 794 po-

1238 813 1357 841 tentes
1374 818 1489 854 opere
1506 813 1543 840 et
1563 816 1748 840 sermone.
1765 803 1943 840 {Nonnulli
1959 811 2131 851 potentes
2147 812 2234 838 sunt

1238 865 1274 900 in
1297 877 1435 913 opere,
1457 864 1613 899 sednon
1637 863 1672 899 in
1690 876 1875 898 sermone.
1896 862 1967 898 Alii
1987 862 2022 897 in
2042 874 2230 906 sermone,

1239 923 1302 960 sed
1321 937 1395 959 non
1413 924 1450 959 in
1469 935 1598 971 opere.
1614 922 1773 969 Quidam
1792 930 1965 971 potentes
1979 929 2066 956 sunt
2082 922 2116 956 in
2134 929 2235 956 utro-

1238 997 1325 1032 que.
1344 983 1416 1031 Qui
1431 991 1607 1019 strenuus
1623 982 1726 1017 estin
1743 981 2011 1016 exercitatione
2026 982 2231 1030 corporali,

1237 1042 1338 1078 bona
1358 1055 1441 1091 quae
1469 1042 1672 1091 praevalet,
1696 1053 1770 1076 non
1799 1040 1951 1088 negligit
1972 1040 2134 1088 operari.
2164 1043 2233 1076 Pa—

178 1114 337 1151 terram,
368 1105 623 1144 abstineamus
652 1120 672 1142 a
706 1104 919 1141 carnalibus
949 1103 1168 1148 desideriis,
1192 1101 1220 1135 B
1239 1102 1335 1138 tiens
1364 1102 1400 1137 in
1434 1100 1697 1145 tribulatione,
1728 1108 1765 1135 et
1795 1098 1960 1147 gaudens
1990 1098 2035 1134 ad
2066 1098 2231 1134 laborem

176 1174 214 1201 ct
235 1166 428 1202 trahamur
446 1166 492 1202 ad
514 1175 548 1202 te
569 1166 606 1202 in
629 1165 807 1201 funiculis
825 1165 934 1211 Adae,
955 1164 992 1200 in
1011 1163 1170 1199 vinculis

177 1224 368 1261 charitatis
382 1225 397 1260 ἶ)

229 1284 264 1319 9.
289 1286 387 1319 Dum
419 1282 500 1318 haec
528 1283 711 1332 Cleoplias
740 1283 910 1332 loquitur
942 1283 980 1318 in
1008 1282 1169 1319 tribula-

177 1342 278 1378 tione
299 1342 452 1391 spiritus
472 1350 510 1378 et
525 1342 777 1379 amaritudine
795 1342 929 1378 mentis
941 1371 950 1387 ‚
971 1342 1086 1378 verba
1103 1343 1171 1378 ista

175 1410 358 1450 (plantum
380 1410 490 1451 putas
510 1402 681 1450 repleant
697 1402 961 1438 conscientiam
981 1402 1170 1438 sciscitan-

178 1460 248 1497 tis?
269 1460 414 1508 Quibus
440 1461 501 1496 ille
519 1460 615 1496 dixit
635 1475 642 1495 ι
669 1462 798 1506 Qaoe?
817 1464 900 1498 Non
919 1469 976 1497 est
1002 1462 1169 1497 interro-

176 1521 277 1568 gatio
307 1521 505 1557 nescientis
521 1549 530 1566 ,
562 1520 626 1556 sed
660 1519 866 1568 adjocantis
885 1535 894 1566 ;
926 1529 963 1556 ct
995 1520 1168 1569 quaedani

177 1580 424 1629 reciprocatio
446 1580 601 1616 doloris.
618 1582 669 1616 Et
685 1584 863 1615 dixerunt
881 1594 892 1614 .·
913 1583 968 1615 De
983 1583 1069 1616 lesu
1089 1582 1169 1615 Na-

177 1652 330 1683 zare‘Jm,
352 1643 416 1687 qui
434 1638 512 1686 ficit
536 1643 597 1674 vir
612 1641 814 1687 propheta,
840 1649 973 1687 polens
993 1644 1030 1674 itt
1060 1653 1169 1687 opere

175 1708 210 1733 et
225 1712 407 1743 sermone,
426 1711 547 1733 emam
577 1701 652 1733 Deo
670 1708 704 1733 et
723 1703 824 1734 omni
837 1701 975 1747 populo
994 1712 1004 1733 .·
1025 1708 1059 1734 et
1078 1713 1164 1746 qno-

177 1761 283 1792 mollo
301 1760 535 1793 tradiderunt
552 1770 633 1792 elim
650 1761 785 1792 Slclllllli
800 1759 1004 1792 sacerdotes
1019 1767 1053 1792 (ll
1065 1762 1168 1805 ΙΙΓῘΙΙ·

175 1823 276 1866 cipes
290 1823 406 1853 nostri
419 1822 456 1853 in
471 1820 748 1853 (lamnationem
767 1821 890 1852 mortis
904 1845 914 1861 ,
931 1826 965 1852 et
980 1821 1076 1853 cruci
1104 1831 1169 1852 ,τε-

1235 1160 1478 1205 obedientiae,
1505 1167 1629 1208 potest
1646 1158 1718 1194 dici
1740 1166 1878 1206 potens
1902 1158 1941 1192 in
1965 1170 2092 1205 opcrc.
2115 1158 2185 1194 Sed
2204 1159 2232 1193 si

1236 1220 1361 1255 minus
1376 1219 1476 1255 bunc
1497 1217 1656 1254 delectat
1673 1217 1872 1253 assiduitas
1893 1216 2091 1260 orationis,
2110 1218 2137 1252 si
2156 1230 2231 1252 non

1235 1288 1291 1315 est
1307 1278 1561 1315 sollicitudine
1579 1278 1641 1327 pia
1658 1276 1818 1312 devotus
1834 1277 1870 1311 in
1890 1276 2039 1324 vigiliis,
2061 1277 2117 1312 vel
2137 1278 2233 1313 sorte

1236 1353 1310 1376 non
1343 1338 1478 1375 babeat
1508 1338 1663 1387 gratiam
1687 1336 1990 1386 praedicationis;
2022 1345 2155 1385 potens
2177 1346 2232 1374 est

1237 1399 1274 1435 in
1298 1411 1432 1448 opere,
1454 1398 1519 1434 sed
1541 1410 1616 1433 non
1637 1397 1673 1432 in
1696 1408 1882 1431 sermone.
1904 1395 2038 1431 Videas
2068 1396 2229 1444 aliquem

1237 1459 1453 1507 frequenter
1478 1457 1515 1492 in
1549 1456 1720 1492 oratione
1752 1454 1962 1499 devotum,
1994 1453 2101 1503 eujus
2133 1456 2232 1492 oculi

1236 1527 1322 1555 sunt
1344 1518 1496 1567 piscinae
1518 1517 1553 1553 in
1575 1515 1752 1552 Hesebon
1769 1513 1782 1535 ⁵
1804 1528 1881 1564 pra*
1906 1514 2148 1551 multitudine
2177 1516 2231 1551 la-

1236 1591 1469 1627 crymarum,
1485 1576 1549 1613 sed
1565 1584 1711 1612 recusat
1727 1575 1822 1610 serre
1834 1573 1967 1623 jugum
1988 1574 2228 1620 obedientiae,

1236 1647 1365 1674 votum
1393 1650 1502 1674 suum
1531 1636 1668 1671 offerre
1690 1648 1728 1671 se
1758 1634 1917 1670 aestimat
1938 1635 2134 1670 offerendo
2161 1636 2228 1671 bo—

1236 1698 1341 1733 stiam
1359 1704 1553 1746 amputata
1572 1708 1662 1731 aure
1682 1710 1689 1730 ι
1708 1707 1811 1730 suam
1835 1694 1976 1743 plangit
1995 1694 2030 1729 in
2052 1695 2224 1731 oratione

1234 1757 1447 1807 superbiam
1461 1785 1469 1800 ,
1498 1755 1561 1791 sed
1584 1755 1674 1791 hora
1694 1754 1996 1803 compunctionis
2021 1762 2226 1799 transacta,

1236 1817 1287 1852 ita
1303 1815 1489 1866 superbus
1508 1823 1564 1851 est
1583 1815 1678 1850 sieut
1695 1822 1792 1849 ante.
1813 1814 1877 1849 Vel
1900 1814 1927 1849 si
1950 1813 2041 1849 levis
2058 1814 2094 1848 in
2115 1814 2231 1849 mori-

177 1887 262 1913 ναηι
292 1891 387 1913 eam.
421 1877 547 1914 Primo
580 1878 682 1913 solus
715 1877 898 1926 Cleophas
933 1876 1170 1926 respondisse
1191 1877 1218 1912 C
1235 1875 1306 1912 bus
1320 1905 1328 1921 ‚
1348 1884 1434 1925 post
1453 1874 1636 1911 orationis
1652 1886 1728 1909 suae
1744 1872 1984 1909 devotionem
2003 1872 2040 1908 in
2060 1873 2229 1909 eamdem

178 1937 323 1986 legitur.
354 1941 460 1974 Nunc
486 1937 690 1987 respondet
719 1946 792 1973 tam
822 1937 918 1987 ipse,
951 1950 1062 1986 quam
1088 1937 1169 1981 ille,

176 1996 284 2045 cujus
300 2010 436 2033 nomen
453 1997 491 2032 in
507 1996 660 2033 historia
676 2010 750 2032 non
768 1996 938 2033 babetur.
959 1995 1069 2033 Unde
1083 1997 1171 2046 quia

176 2057 333 2094 estsine
354 2057 525 2102 nomine,
556 2057 705 2093 videtur
731 2058 888 2093 somnam
917 2056 1171 2093 meditationis

176 2117 389 2167 exprimere
408 2146 416 2163 ,
455 2130 568 2166 quam
607 2117 835 2166 quandoque
874 2117 1166 2166 cogitationem,

175 2177 404 2226 quandoque
416 2177 776 2226 contemplationem
787 2176 951 2213 solemus
964 2176 1069 2225 quasi
1085 2188 1171 2225 pro-

177 2236 259 2285 prio
273 2236 424 2272 nomine
440 2248 670 2285 nuncupare.
685 2236 898 2272 Secundum
914 2249 1004 2272 vero
1019 2235 1168 2272 beatum

176 2296 401 2344 Gregorium
415 2324 424 2341 ,
446 2303 559 2332 istum
583 2295 693 2331 fnisse
712 2299 852 2331 Lucam
874 2295 988 2344 aliqui
1009 2295 1170 2331 aestima-

179 2363 324 2392 verunt.
347 2359 466 2392 Lucas
480 2383 488 2399 ‚
514 2355 578 2404 qui
600 2355 767 2391 medicus
788 2356 899 2391 fuisse
919 2354 966 2391 ab
986 2355 1169 2404 Apostolo

176 2414 314 2450 dicitur
329 2413 362 2459 3,
385 2415 447 2463 qui
469 2417 708 2463 Consurgens
729 2415 785 2450 vel
803 2415 963 2450 Elevans
982 2414 1168 2464 interpre-

177 2482 300 2520 tatur,
336 2473 648 2523 interpretatione
677 2474 735 2510 sui
770 2474 934 2510 nominis
969 2473 1166 2522 imaginem

177 2540 420 2582 repraesentat
449 2532 722 2578 meditationis,
746 2546 829 2582 quae
855 2533 1169 2569 medicamentum

176 2600 232 2627 est
253 2592 492 2628 contribulati
520 2592 693 2641 spiritus,
720 2601 755 2629 et
784 2593 1023 2628 conscientiae
1049 2605 1169 2641 aegro-

1238 1935 1369 1971 recidit
1388 1935 1599 1979 levitatem,
1619 1946 1700 1969 ossa
1719 1933 1799 1982 ejus
1818 1933 2011 1981 replentur
2028 1933 2127 1968 vitiis
2144 1932 2232 1968 ado-

1238 1995 1425 2031 lest-entiae
1456 1993 1558 2043 ejus,
1585 2002 1625 2030 ut
1658 2006 1851 2041 nunquam
1874 1993 1908 2028 in
1942 1994 2231 2029 conversatione

1238 2068 1303 2091 sua
1332 2055 1379 2091 sit
1411 2063 1604 2099 maturus;
1639 2053 1724 2089 lieet
1752 2052 1797 2088 ad
1826 2052 2015 2088 modicum
2049 2053 2231 2089 orationis

1237 2123 1406 2164 tempore
1431 2115 1478 2151 sit
1506 2114 1667 2149 devotus
1691 2127 1697 2147 :
1725 2125 1799 2148 vox
1827 2111 1978 2160 quidem
2011 2125 2082 2147 vox
2112 2112 2229 2148 Jacob

1235 2184 1309 2220 est,
1330 2174 1394 2211 sed
1417 2186 1568 2218 manus,
1601 2185 1733 2208 manus
1753 2180 1839 2207 sunt
1860 2174 1955 2207 Esau
1971 2170 1997 2206 ὗ.
2025 2172 2131 2207 'sales
2158 2185 2228 2220 po-

1238 2243 1358 2271 tentes
1379 2234 1556 2270 videntur
1577 2233 1614 2269 in
1637 2245 1811 2269 sermone
1827 2260 1836 2276 ,
1857 2230 1921 2267 sed
1941 2244 2015 2266 non
2042 2231 2077 2266 in
2100 2245 2227 2281 opere.

1236 2297 1277 2330 In
1299 2306 1414 2343 opere
1434 2302 1471 2329 et
1491 2305 1664 2329 sermone
1682 2299 1767 2327 sunt
1790 2299 1983 2340 potentes,
2007 2290 2070 2338 qui
2094 2290 2231 2326 babent

1236 2354 1274 2390 in
1298 2353 1467 2390 moribus
1489 2353 1742 2396 honestatem,
1763 2352 1799 2387 in
1826 2350 2004 2399 operibus
2028 2351 2228 2395 virtutem,

1237 2414 1275 2450 in
1296 2426 1467 2449 sermone
1489 2412 1680 2448 scientiam
1696 2439 1705 2455 ‚
1728 2410 1968 2446 devotionem
1992 2410 2028 2445 in
2051 2410 2232 2446 orationis

1235 2474 1476 2517 assiduitate,
1507 2472 1726 2522 gravitatem
1753 2471 1788 2506 in
1811 2469 2116 2512 conversatione,
2146 2484 2231 2519 per—

1236 2534 1485 2571 severantiam
1502 2533 1538 2569 in
1555 2545 1696 2568 amore.
1714 2531 1784 2568 Piae
1800 2530 1984 2579 siquidem
2003 2530 2233 2579 operationis

1236 2594 1357 2630 oratio
1374 2592 1511 2629 devota
1527 2600 1582 2627 est
1603 2590 1909 2633 reclinatorium,
1928 2598 1962 2625 et
1984 2589 2131 2625 ‹lvx-‹nrt›
2148 2604 2232 2626 ora—

178 2651 300 2686 tantis.
316 2654 406 2698 Quae
422 2651 517 2686 sicut
534 2651 655 2686 stellio
671 2650 843 2687 manibus
860 2651 1013 2695 nititur,
1034 2659 1071 2686 ut
1090 2663 1171 2685 mo-
1189 2657 1220 2689 D
1240 2652 1351 2688 tionis
1369 2651 1587 2688 exercitatio
1609 2649 1751 2699 prfebet
1772 2649 1961 2684 bonorum
1981 2662 2139 2697 operum
2160 2650 2228 2685 l'ul-

177 2718 281 2746 retur
297 2710 333 2745 in
350 2709 492 2745 :edibus
510 2710 605 2758 regis
619 2710 648 2755 4,
667 2718 702 2745 et
720 2723 949 2758 consurgens
965 2709 1012 2746 ab
1033 2710 1170 2745 intimis

176 2769 349 2819 eligendo
370 2768 641 2818 suspendium,
663 2769 801 2805 deserit
819 2769 1054 2815 transitoria,
1075 2778 1112 2805 et
1132 2783 1170 2805 se

176 2830 297 2866 elevat
320 2829 365 2865 ad
387 2842 561 2878 superna.
583 2828 813 2878 Adjnngitur
831 2830 955 2878 itaque
977 2829 1170 2865 meditatio

176 2889 357 2933 orationi,
381 2897 419 2924 ut
440 2902 484 2924 ex
503 2887 700 2924 amborum
724 2889 968 2938 responsione
991 2887 1171 2924 dulcioris

177 2948 363 2984 balsamus
384 2947 555 2984 melodiae
580 2948 795 2984 diffusiores
817 2948 934 2997 spiret
959 2947 1111 2984 delicias
1131 2948 1167 2984 in

176 3007 331 3044 auribus
352 3008 553 3057 peregrini.

235 3068 292 3104 10.
328 3070 382 3102 De
409 3070 496 3102 lesu
512 3095 520 3110 ,
556 3067 757 3116 inquiunt,
791 3069 1003 3103 Nazaretm.
1034 3067 1167 3103 Oleum

176 3128 336 3165 el'l'usum
354 3135 410 3162 est
430 3123 567 3163 nomen
585 3125 677 3175 ejus.
702 3127 857 3172 Oleum,
879 3127 1053 3175 inquam,
1073 3127 1169 3161 el'l'n-

177 3200 257 3223 sum
274 3215 283 3232 ,
307 3195 540 3235 unguentum
563 3194 796 3232 aromatum,
814 3185 960 3234 jubilus
980 3185 1166 3225 cordium.

511 3317 1129 3352 'ntrn1‚ta.-ffjtmhmsnv.tr

310 3374 649 3409 71ch‡.u„³4i.

228 3325 233 3338 ¹
262 3318 326 3348 lsai.
346 3329 382 3353 1„
405 3323 433 3348 u.
452 3336 491 3339 --ss-

182 3376 288 3401 'U.*v

1177 3338 1180 3339 ν
1218 3320 1563 3352 ἱΙἾῊγ.ΧκΧ,28.ω

1236 2711 1453 2746 eimentum.
1485 2715 1571 2747 llaec
1592 2718 1647 2744 est
1676 2709 1775 2744 enini
1800 2708 1967 2757 plenarie
1989 2710 2231 2756 compunctio

1237 2770 1427 2815 salutaris,
1449 2782 1559 2818 quam
1582 2767 1821 2804 commendat
1847 2767 2086 2803 conscit-mim
2106 2768 2230 2805 latitu—

1237 2829 1298 2865 do.
1329 2829 1436 2865 Unde
1466 2842 1549 2864 eum
1578 2828 1799 2877 sapientiam
1833 2836 1867 2862 et
1890 2827 2042 2862 divitias
2068 2827 2229 2864 dedisset

1237 2888 1422 2924 Dominus
1437 2887 1626 2923 Salomoni
1642 2916 1650 2931 ,
1667 2887 1768 2922 dedit
1787 2887 1820 2922 ci
1841 2895 1871 2921 et
1895 2886 2129 2922 latitudinem
2147 2901 2229 2923 eor-

1238 2947 1294 2983 dis
1310 2954 1321 2976 7
1342 2961 1348 2982 :
1369 2946 1455 2995 quia
1475 2947 1567 2982 nibil
1587 2954 1642 2982 est
1668 2945 1876 2995 sapientia,
1899 2945 1990 2980 nibil
2016 2945 2176 2989 divitiae,
2204 2949 2231 2982 si

1236 3007 1272 3042 in
1290 3005 1402 3042 eorde
1421 3019 1494 3041 non
1516 3005 1803 3050 redundaverit,
1822 3005 1885 3054 qni
1905 3005 2136 3041 transvadari
2156 3019 2229 3041 non

1238 3074 1361 3116 potest
1390 3066 1527 3102 llurius
1561 3065 1759 3101 charitatis.
1794 3068 1866 3101 Nee
1898 3065 2014 3113 parcit
2049 3066 2230 3100 Douninns

1236 3125 1360 3161 verbis
1392 3124 1627 3175 potentibus,
1662 3133 1697 3160 et
1733 3124 1777 3160 ad
1812 3124 2092 3173 depreeamlutn
2123 3138 2222 3160 eone

1238 3185 1378 3234 positis.

1609 3316 1619 3337 ᾖ
1645 3318 1854 3348 ΗΜΗῄ-κιμ
1886 3320 1908 3345 ἰ,
1955 3319 2224 3348 νῦιηᾛ.κκημ
