2504 3928
294 228 371 265 859

966 227 1221 264 TRACTATU
1225 229 1248 264 S
1278 229 1342 264 DE
1371 228 1464 263 CHA
1472 226 1658 262 RITATE.

2257 224 2333 261 860

292 303 424 348 betur,
443 301 548 352 quasi
563 301 722 339 scintilla
743 301 838 352 ignis
857 302 1012 353 exigua,
1034 304 1081 341 ad
1102 304 1336 354 magnumm
1350 303 1538 349 tudinem,
1555 310 1591 338 et
1607 299 1843 337 altitudinem
1859 307 1896 336 et
1911 298 2142 349 profundum
2158 311 2333 350 compre-

289 363 389 399 illius
408 362 546 398 amoris
565 362 710 411 ignem,
730 374 806 410 quo
822 360 914 410 justi
935 376 1018 399 cuni
1038 364 1228 414 Seraphim
1247 365 1283 400 in
1305 370 1333 403 Α
1351 364 1520 400 hendunt
1537 361 1670 406 sancti,
1687 368 1728 396 ut
1745 368 1782 396 et
1801 371 1869 395 nos
1890 359 1927 395 in
1946 358 2076 395 eadem
2091 371 2226 407 sagena
2246 359 2334 395 cha-

288 423 351 458 illa
371 434 533 471 superna
548 421 754 457 Jerusalem
778 421 861 471 igne
877 422 1066 460 charitatis
1078 423 1279 460 ardebunt.

294 483 400 516 Nunc
426 480 526 515 enim
550 488 605 515 cst
624 479 719 529 ignis
746 479 781 515 in
804 479 918 516 Sion:
939 489 1028 517 tunc.
1056 495 1144 518 vei-o
1168 482 1282 518 caini—

295 551 365 574 nus
392 538 462 573 erit
484 538 520 573 in
545 538 753 574 Jerusalem
771 542 796 573 ¹.
824 541 915 576 Cum
939 548 1062 576 autem
1089 541 1125 576 in
1155 553 1281 577 amore

296 596 363 631 Dei
393 608 480 645 erga
509 609 577 632 nos
598 597 696 642 sint,
721 605 811 634 teste
830 599 1012 648 Apostolo
1026 627 1035 644 ,
1064 602 1254 648 longitudo
1268 631 1278 645 ,

294 659 471 700 latitudo,
507 656 710 692 sublimitas
739 666 773 692 e!
793 657 1024 706 profundum
1042 666 1076 705 ²5
1109 660 1281 696 charitati

293 715 430 751 divinae
456 715 617 751 humana
645 715 794 753 dilectio
822 730 891 766 pro
916 730 992 753 siiae
1011 718 1282 754 insufficientiae

295 774 451 810 modulo
472 788 547 810 iion
571 788 609 811 se
626 783 788 824 coaptat.
813 779 914 813 Deus
929 777 1103 826 equidem
1124 791 1198 813 non
1218 791 1282 813 su-

295 834 534 882 perficialiter
563 833 682 882 diligit
709 847 799 880 nos,
831 848 905 871 non
931 837 1184 882 simulatorie,
1208 850 1283 872 non

296 891 538 928 mediocritei·
566 907 572 928 :
599 893 662 929 sed
693 894 803 942 plene
819 922 828 938 ,
850 895 914 930 sed
933 895 1097 941 sincere,
1122 896 1185 931 sed
1208 909 1285 931 iiic-

296 950 449 987 dullitus
463 980 472 996 ,
496 962 534 987 ut
549 960 586 988 et
607 966 674 988 nos
690 955 993 1000 comprehendere
1006 959 1186 1002 possitiws
1205 969 1284 990 cum

295 1009 463 1044 omnibus
474 1014 627 1053 sanctis,
644 1023 728 1058 quae
742 1011 815 1046 sint
833 1019 943 1047 tantae
959 1012 1146 1049 charitatis
1162 1013 1285 1048 altitu-

297 1067 360 1111 do,
371 1067 530 1104 latitudo
544 1076 579 1103 et
591 1068 836 1118 profundum.
849 1070 1017 1106 Altitudo
1029 1080 1083 1106 est
1098 1071 1288 1107 excellen-
1307 1073 1333 1105 B

299 1126 346 1161 tia
363 1127 491 1175 gloriae
505 1155 513 1171 ,
533 1140 646 1176 quam
677 1129 904 1177 praeparavit
926 1133 1024 1165 Deus
1045 1129 1286 1178 diligentibus

299 1197 351 1229 se,
365 1185 472 1234 cujus
487 1186 681 1222 aestiiiiatio
696 1187 731 1222 in
749 1200 815 1223 cor
834 1187 995 1223 hominis
1015 1202 1089 1224 nou
1109 1189 1285 1225 ascendit.

297 1244 537 1281 Profunditas
558 1244 659 1293 ejus,
683 1246 876 1282 inclinatio
906 1247 1106 1295 majestatis
1127 1262 1147 1284 a
1173 1249 1288 1284 Patris

297 1305 554 1352 coaequalitate
569 1332 577 1346 ‚
600 1305 806 1341 exinanitio
828 1306 906 1342 Filii
925 1319 1043 1354 usque
1063 1307 1109 1342 ad
1132 1307 1288 1342 formam

299 1363 417 1407 servi,
435 1371 473 1398 et
494 1375 612 1410 usque
631 1362 676 1398 ad
699 1371 858 1398 mortem
884 1371 919 1399 et
940 1364 1184 1412 ignominiam
1202 1377 1291 1400 cru-

298 1421 414 1457 cifixi.
445 1420 658 1469 Longitudo
691 1420 772 1469 ejus
797 1429 852 1457 est
883 1422 961 1457 sine
986 1422 1117 1467 initio,
1149 1430 1185 1458 et
1213 1423 1292 1458 sine

300 1479 385 1514 fine.
408 1479 564 1515 Dilectio
585 1479 684 1514 enim
704 1478 784 1527 ejus
801 1492 867 1515 nec
888 1479 1041 1529 incipit,
1055 1493 1122 1516 nec
1139 1480 1294 1527 desinit,

300 1536 365 1585 qui
385 1545 470 1573 ante
492 1537 622 1574 mundi
639 1538 946 1575 constitutionem
963 1540 1073 1588 elegit
1094 1553 1162 1577 nos
1181 1541 1217 1576 in
1239 1540 1293 1576 di-

301 1597 400 1634 lecto
416 1598 511 1634 Filio
528 1610 596 1634 suo
613 1597 646 1644 33
665 1606 714 1643 et,
737 1599 832 1635 sicut
845 1599 1027 1649 scriptum
1047 1609 1103 1636 est
1115 1629 1124 1646 ,
1142 1602 1293 1636 Miseri-

301 1658 429 1691 cordi'a
446 1661 525 1702 ejus
540 1656 588 1691 ab
601 1665 740 1692 (eterno
757 1666 791 1692 ee
803 1671 917 1705 nsque
933 1663 971 1693 in
990 1668 1169 1694 aeternum
1185 1672 1295 1707 super

301 1719 470 1751 timentes
490 1730 570 1751 eum
587 1717 614 1752 ⁴.
635 1717 807 1753 Altitudo
830 1716 910 1766 ejus
929 1726 985 1754 est
1002 1718 1124 1768 ampla
1138 1747 1147 1764 ‚
1169 1727 1205 1754 et
1223 1731 1292 1754 ex—

303 1782 426 1820 tensa,
445 1784 482 1811 et
507 1775 642 1812 diffusa
670 1777 707 1812 in
737 1790 888 1813 oiiineni
915 1777 1188 1815 benevolentiae
1215 1791 1294 1814 nio-

302 1833 405 1870 dum.
441 1837 525 1884 Ipse
555 1834 656 1871 enim
687 1836 768 1871 vult
806 1849 937 1873 omnes
974 1837 1147 1873 homines
1173 1837 1297 1873 salvos
1317 1833 1344 1868 C

302 1893 381 1929 fieri
413 1907 482 1943 per
513 1894 635 1943 ipsum
652 1893 682 1931 ⁵.
709 1896 866 1943 Propi’i‘o
895 1896 994 1932 enim
1021 1899 1118 1931 Filio
1137 1910 1199 1931 sim
1221 1910 1297 1932 non

299 1957 492 2000 peperci!;
511 1955 578 1989 sed
593 1967 667 2002 pro
687 1954 792 1989 nobis
815 1955 981 1991 omnibus
1003 1958 1162 1990 tradidit
1178 1959 1295 1999 (llum,

303 2011 501 2060 ipsumque
526 2010 636 2048 nobis
657 2011 822 2058 donans,
848 2021 940 2050 teste
960 2015 1168 2064 Apostolo‚
1192 2013 1298 2050 nobis

303 2071 453 2105 donavit
471 2075 598 2106 omnia
618 2075 655 2106 i'n
673 2085 714 2106 eo
726 2070 753 2108 ⁶.

362 2128 448 2164 100.
486 2129 544 2165 Sic
581 2129 692 2165 etiam
731 2130 812 2179 pari
848 2130 1106 2167 vicissitudine
1137 2131 1298 2168 charitas

304 2185 468 2222 hominis
494 2199 532 2222 sc
554 2186 689 2222 divinae
710 2188 881 2224 charitati
904 2190 1090 2225 conformi
1111 2189 1296 2226 divisione

305 2252 466 2292 coaptat.
490 2245 572 2280 Alta
593 2253 671 2289 est,
688 2245 776 2282 dum
798 2257 937 2283 aeterna
955 2256 991 2283 et
1015 2248 1180 2284 coelestia
1201 2261 1296 2284 eon-

307 2303 522 2350 templatur.
543 2304 735 2340 Profunda
755 2313 831 2349 est,
847 2305 937 2341 dum
960 2305 1005 2341 ab
1029 2306 1182 2341 homine
1203 2320 1295 2355 pro-

306 2368 391 2409 pter
412 2364 531 2396 Deum
555 2362 678 2397 vilitas
699 2370 735 2397 et
755 2362 917 2410 abjectio
938 2364 1148 2400 affectatur.
1167 2368 1296 2412 Longa

307 2428 380 2463 est,
395 2419 483 2455 dum
502 2421 662 2456 linaliter
679 2430 904 2470 perseverat.
920 2423 1028 2459 Fides
1043 2424 1142 2458 enim
1160 2431 1196 2459 et
1212 2436 1296 2472 spes

306 2486 418 2526 atque
440 2478 614 2522 scientia,
637 2487 671 2515 et
696 2488 827 2516 caetera
851 2481 1152 2526 evacuabuntur3
1172 2482 1295 2518 cliari-

309 2543 362 2571 tas
387 2544 510 2572 autem
545 2549 738 2586 nunquam
767 2539 952 2575 excidet7.
987 2543 1078 2575 Lata
1108 2548 1183 2584 est,
1209 2540 1295 2588 quia

1348 424 1464 460 ritatis
1499 421 1683 472 possimus
1712 419 1853 469 pariter
1882 418 2164 467 comprehendi.
2196 419 2334 455 Dilatat

1348 484 1472 531 itaque
1501 480 1659 517 charitas
1686 479 1724 514 in
1752 477 1888 514 sanctis
1916 477 2117 514 tentorium
2146 490 2273 525 suum,
2294 487 2335 515 ut

1348 543 1376 579 si
1399 547 1517 579 Deum
1539 547 1575 576 et
1593 539 1808 589 proximum
1829 537 2090 582 dilexerimus,
2109 538 2335 587 recipiamur

1345 602 1385 638 in
1411 599 1600 637 communi
1623 597 1872 634 exsultatione
1898 605 2126 633 sanctorum.

1405 661 1488 696 101.
1513 657 1696 706 Quocirca
1720 670 1795 692 non
1815 665 2057 705 angustemur
2074 656 2111 692 in
2131 656 2337 694 visceribus

1348 718 1509 762 nostris,
1534 730 1609 753 non
1638 723 1872 753 coarctemur
1891 716 1989 751 intra
2015 715 2150 752 limites
2176 723 2339 765 quantu-

1348 779 1554 824 laecumque
1567 776 1702 811 laetitiae
1716 783 1873 812 nostrfe:
1891 775 2085 811 credamus
2103 775 2138 811 iii
2155 775 2335 825 Spiritum

1349 844 1516 872 sanctum
1531 864 1540 881 ,
1561 843 1726 871 sanctam
1751 834 1969 870 catholicam
2004 835 2205 871 Ecclesiam
2223 865 2232 882 ‚
2253 849 2340 872 san-

1351 904 1496 932 ctorum
1534 893 1862 937 communionem,
1897 902 1937 929 ut
1973 893 2232 942 imperfectum
2269 908 2339 931 no-

1352 964 1469 991 strum
1500 953 1650 990 videant
1677 953 1775 989 oculi
1803 953 1855 989 tui
1874 959 1902 973 ¹⁰
1919 980 1929 996 ‚
1953 956 2062 999 Jesu,
2085 960 2122 988 et
2149 953 2186 989 in
2218 953 2337 990 bene-

1351 1016 1488 1065 placito
1518 1023 1602 1059 tuo,
1639 1021 1853 1049 sanctorum
1885 1013 2153 1049 communione
2169 1041 2178 1059 ,
2212 1023 2341 1051 nostra

1354 1074 1615 1111 insufficientia
1638 1073 1871 1122 suppleatur.
1895 1072 1930 1108 Si
1950 1072 2049 1108 enim
2071 1072 2108 1108 in
2129 1073 2264 1109 sanctis
2284 1073 2343 1109 di-

1353 1133 1554 1169 lexerimus
1575 1136 1694 1168 Deum
1710 1159 1719 1175 ,
1739 1139 1776 1167 et
1796 1131 1865 1180 ipsi
1889 1143 1959 1180 pro
1979 1144 2132 1167 suorum
2157 1131 2343 1180 exigentia

1354 1192 1572 1228 meritorum
1595 1190 1703 1226 nobis
1723 1189 2056 1225 communicabunt
2073 1189 2342 1227 beatitudinem

1354 1250 1454 1299 apud
1473 1254 1602 1286 Deum.
1625 1248 1698 1286 Ubi
1716 1249 1816 1285 enini
1835 1249 1871 1284 in
1891 1248 2014 1284 medio
2036 1248 2269 1297 diligentium
2286 1263 2344 1286 se-

1356 1309 1453 1344 derit
1481 1312 1581 1345 Deus
1614 1309 1739 1344 omnia
1769 1309 1805 1344 in
1834 1308 2029 1354 omnibus,
2052 1322 2202 1345 necesse
2225 1317 2279 1346 est
2304 1317 2345 1346 ut

1357 1368 1512 1403 affectus
1541 1380 1760 1403 communes
1785 1367 2009 1415 gaudiorum
2036 1368 2251 1404 communio
2276 1382 2344 1404 co—

1358 1426 1524 1461 mitetur.
1556 1427 1638 1461 Non
1671 1425 1790 1461 solum
1823 1425 1948 1473 itaque
1969 1426 2151 1473 proximi,
2178 1425 2243 1462 sed
2269 1434 2346 1462 tota

1359 1484 1493 1521 Christi
1511 1482 1719 1528 beatitudo,
1732 1483 1998 1519 communione
2016 1485 2153 1521 amoris
2166 1493 2202 1521 et
2222 1486 2348 1522 exsul-

1359 1544 1530 1588 tationis,
1549 1551 1661 1592 atque
1679 1542 1790 1578 alieni
1809 1542 2094 1591 participatione
2111 1543 2256 1592 gaudii,
2275 1557 2349 1580 no-

1357 1611 1433 1639 stra
1459 1602 1541 1638 erit.
1560 1601 1670 1649 Quod
1696 1614 1786 1650 ergo
1807 1602 1931 1638 minus
1957 1600 2201 1638 beatitudinis
2225 1602 2264 1638 in
2292 1615 2351 1639 me

1357 1660 1552 1697 habiturus
1573 1674 1654 1697 sum
1669 1689 1677 1706 ,
1695 1660 1741 1697 de
1761 1659 1993 1697 beatitudine
2011 1661 2130 1697 aliena
2149 1660 2349 1710 supplebo.

1357 1725 1502 1758 Bonum
1527 1721 1626 1757 enim
1647 1720 1750 1769 quod
1771 1721 1807 1756 in
1829 1724 1909 1757 Deo
1930 1721 1987 1757 vel
2008 1722 2045 1757 in
2067 1721 2242 1770 proximo
2263 1720 2350 1757 dili-

1358 1793 1441 1829 gam
1455 1808 1464 1824 ,
1485 1779 1674 1829 diligendo
1693 1780 1822 1816 faciam
1842 1793 1986 1825 meum;
2005 1788 2045 1816 ut
2062 1779 2243 1829 perfectio
2259 1791 2351 1828 gau-

1362 1840 1412 1876 dii
1433 1840 1544 1876 alieni
1563 1852 1685 1876 meum
1705 1839 1877 1888 suppleat
1893 1839 2092 1875 defectum.
2110 1839 2174 1876 Vis
2188 1847 2230 1875 ut
2244 1838 2351 1875 fami-

1363 1899 1444 1935 liari
1475 1899 1651 1948 exemplo
1683 1898 1737 1934 rei
1764 1896 1877 1946 hujus
1909 1898 2037 1933 faciam
2071 1897 2214 1934 fidem?
2243 1897 2353 1934 Videt

1363 1966 1483 1994 mater
1505 1958 1623 1994 filium
1644 1970 1773 2002 suum,
1794 1969 1904 2006 quem
1930 1969 2045 2006 super
2064 1957 2190 1993 omnia
2211 1956 2351 2005 diligit,

1364 2017 1477 2065 regali
1499 2016 1677 2052 unctione
1694 2029 1736 2052 ac
1752 2015 1962 2052 diademate
1985 2015 2169 2065 imperiali
2183 2022 2353 2064 sceptro-

1362 2088 1435 2124 que
1460 2083 1497 2111 et
1520 2075 1648 2111 infulis
1668 2073 1923 2124 augustalibus
1946 2075 2184 2123 insignitum3
2212 2082 2354 2123 quanta

1362 2143 1417 2170 est
1437 2134 1565 2170 matris
1583 2134 1734 2170 dilectio
1747 2163 1757 2179 ,
1784 2142 1885 2170 tanta
1901 2141 1956 2170 est
1974 2134 2172 2170 exsultatio
2192 2132 2272 2182 ejus
2286 2162 2295 2179 ,
2316 2141 2354 2170 et

1361 2193 1426 2229 filii
1447 2193 1631 2229 honorem
1652 2201 1688 2228 et
1711 2193 1912 2241 gaudium,
1935 2201 2046 2240 atque
2063 2192 2264 2243 populares
2283 2205 2354 2241 ap-

1361 2252 1527 2300 plausus,
1546 2251 1791 2300 omniumque
1809 2252 2173 2300 congratulationem
2189 2251 2257 2287 sibi
2275 2264 2354 2287 ma-

1362 2318 1419 2345 ter
1451 2310 1673 2358 appropriat
1697 2323 1703 2344 :
1732 2309 1783 2345 sic
1808 2310 1844 2345 in
1870 2318 1967 2345 terra
1995 2310 2203 2346 viventium
2233 2323 2352 2346 unus-

1361 2367 1521 2416 quisque
1537 2366 1721 2403 beneficio
1738 2368 1927 2404 charitatis
1944 2368 2112 2404 omnium
2130 2368 2352 2405 beatitudini

1363 2426 1586 2462 coexsultat.

1420 2484 1502 2520 102.
1522 2487 1553 2521 Ο
1567 2484 1784 2520 communio
1805 2483 2012 2530 charitatis,
2030 2497 2052 2520 ο
2070 2483 2230 2520 dulcedo
2246 2497 2351 2520 amo—

1363 2543 1433 2588 ris,
1456 2557 1478 2579 o
1502 2544 1697 2589 securitas,
1718 2557 1740 2580 ο
1762 2545 1928 2593 requieS,
1949 2558 1971 2579 υ
1993 2543 2189 2580 sabbatum
2208 2544 2351 2581 delica-

307 2596 391 2631 laeta
424 2604 500 2640 est,
529 2596 680 2644 quando
708 2597 744 2633 in
775 2597 1021 2635 delectatione
1048 2599 1202 2648 justitiae
1231 2600 1342 2636 corD
1365 2610 1460 2648 tum,
1486 2615 1508 2637 o
1534 2612 1683 2639 aeternae
1708 2603 1891 2639 felicitatis
1911 2603 2107 2648 introitus,
2130 2616 2242 2652 quain
2262 2615 2352 2652 pre-

307 2653 469 2689 hominis
494 2654 682 2691 dilatatur.
708 2660 799 2693 Lata
821 2666 895 2702 cst,
919 2671 1002 2694 cuni
1026 2658 1238 2695 extenderit
1258 2673 1296 2696 se

309 2707 384 2747 noii
405 2713 524 2749 solum
547 2713 592 2749 ad
620 2717 739 2750 Deum
764 2724 800 2751 et
829 2717 1065 2764 proximum3
1098 2717 1161 2753 scd
1185 2718 1295 2754 etiam

307 2784 436 2807 amore
476 2772 538 2821 pio
572 2773 811 2822 amplectitur
847 2775 1054 2811 inimicum.
1098 2779 1189 2812 Lata
1220 2785 1295 2822 est,

307 2828 414 2877 cujus
435 2830 651 2867 mandatum
677 2832 790 2868 latum
816 2842 890 2878 est,
913 2833 1060 2870 dicente
1081 2834 1265 2884 propheta
1287 2850 1294 2871 :

312 2890 441 2923 Omnis
461 2895 788 2925 cmzsitmmati'om'.s·
810 2893 1036 2937 mdifimvn,
1051 2894 1168 2928 latum
1187 2907 1295 2929 man-

307 2948 433 2982 datum
458 2956 557 2983 titum
584 2948 728 2984 minis?
748 2953 778 2985 Ο
800 2951 869 2986 lata
886 2959 921 2986 et
941 2951 1099 2988 dilatans
1118 2952 1295 2999 charitas,

308 3018 420 3053 quam
449 3019 582 3055 magna
608 3019 662 3043 est
692 3008 826 3045 domus
855 3018 940 3055 tua,
969 3019 1005 3046 et
1035 3011 1165 3060 ingens
1195 3012 1297 3049 locus

308 3065 554 3112 possessionis
578 3069 697 3103 tuae‘J!
720 3068 826 3116 cujus
855 3069 1089 3106 latitudinem
1118 3079 1153 3107 et
1174 3071 1297 3120 longi-

1363 2662 1552 2698 tiosiorein
1583 2662 1759 2699 omnibus
1783 2663 1985 2708 thesauris,
2009 2661 2354 2699 desiderabiliorem

1362 2721 1538 2757 omnibus
1561 2721 1720 2766 divitiis,
1748 2722 2013 2770 elegantiorem
2038 2721 2211 2757 omnibus
2232 2721 2354 2770 regnis

1362 2789 1541 2828 operatur
1562 2781 1722 2817 charitas
1745 2780 1790 2817 dc
1813 2793 1910 2830 puro
1930 2780 2065 2824 corde,
2084 2789 2121 2816 et
2137 2780 2237 2817 bona
2259 2793 2357 2817 con-

1361 2838 1528 2883 scientia,
1542 2847 1578 2874 et
1597 2838 1669 2875 fide
1690 2852 1765 2875 non
1784 2840 1865 2875 ficta
1882 2846 1905 2860 ¹¹
1924 2841 1930 2874 l
1947 2840 2038 2887 Quis
2051 2839 2140 2875 milii
2161 2838 2266 2875 dabit
2283 2840 2356 2876 hoc

1363 2898 1548 2933 amatorio
1584 2899 1722 2947 poculo
1754 2898 1954 2943 inebriari,
1984 2898 2055 2934 lioc
2097 2898 2264 2947 lethargo
2293 2911 2356 2935 so-

1363 2956 1456 3005 piri,
1480 2965 1520 2992 ut
1540 2965 1639 2993 totus
1659 2971 1677 2992 a
1697 2957 1810 2993 corde
1828 2971 1912 2993 meo
1931 2965 2119 3003 mortuus,
2141 2965 2241 2993 totus
2257 2969 2278 2993 a
2296 2969 2356 2994 me

1364 3015 1564 3051 translatus
1602 3015 1638 3050 in
1671 3029 1835 3052 amorem
1868 3017 1937 3053 Dei
1968 3024 2005 3052 et
2035 3015 2220 3065 proximi,
2256 3015 2355 3052 inter

1365 3072 1429 3108 lias
1450 3072 1539 3110 duas
1562 3083 1702 3120 sorteS‚
1727 3075 1763 3111 in
1787 3088 1876 3124 pace
1904 3076 1938 3111 in
1963 3075 1999 3111 id
2024 3076 2146 3124 ipsum
2169 3074 2353 3111 dormiam

358 3206 366 3220 ¹
387 3200 454 3232 lsai.
478 3212 558 3231 xxxi
574 3226 581 3238 ,
603 3205 633 3234 9.
650 3221 691 3226 —
719 3210 729 3225 ²
750 3205 860 3247 Eplies.
881 3218 937 3243 iii,
961 3210 1011 3237 18.
1035 3226 1079 3230 —
1099 3207 1182 3239 ³1d.
1208 3221 1219 3240 i
1236 3234 1243 3248 ,
1272 3213 1300 3241 li.
1319 3229 1363 3234 ——
1386 3211 1399 3236 ⁴
1423 3213 1501 3243 Psal.
1526 3216 1729 3250 cii‚17.—
1752 3212 1765 3234 5
1793 3216 1804 3244 Ι
1828 3213 1909 3244 Tim.
1929 3224 1974 3250 ιι,
2002 3214 2033 3244 4.
2055 3231 2098 3235 -
2121 3211 2136 3234 ⁶
2153 3216 2244 3245 Rom.
2270 3224 2354 3252 vni,

309 3256 421 3283 32.—
438 3260 451 3282 7
472 3257 485 3284 i
502 3256 573 3285 Cor.
604 3266 689 3291 xiii.
712 3260 744 3288 8.
766 3276 806 3280 -—
827 3257 840 3280 ⁸
867 3259 945 3290 Psal.
972 3270 1095 3297 cxviii,
1119 3264 1173 3292 96.
1200 3280 1238 3284 —
1266 3268 1281 3292 9
1306 3263 1426 3294 Baruch
1455 3275 1512 3301 ιιι,
1542 3268 1594 3295 24.
1621 3284 1626 3287 -

315 3317 337 3338 i.
357 3309 385 3336 3.

1655 3284 1660 3286 -
1688 3271 1715 3285 '⁰
1734 3266 1810 3296 Psal.
1832 3276 1981 3295 cxxxviii
1998 3289 2005 3297 .
2035 3268 2085 3295 ¹6.
2110 3284 2135 3288 —
2183 3271 2210 3286 ¹¹
2238 3267 2251 3296 1
2273 3265 2354 3295 Tim.
