2504 3928
386 237 393 269 l
408 238 450 271 23
458 239 476 270 ,ἦ

379 314 439 348 illo
465 326 698 354 numesuuus,
723 321 756 346 ut
780 314 938 347 triu-tum
968 311 1055 347 boui
1072 313 1195 362 operis
1210 312 1397 362 semper‘·''

1166 235 1332 271 omittit
1362 236 1524 270 stiam)
1554 236 1624 269 Mt

2316 238 2413 275 1256

1404 312 1602 354 “sitztiites,
1637 318 1672 345 et
1693 310 1939 359 impetrabitis
1971 312 2208 360 accipientes.
2243 315 2308 351 llla
2337 316 2413 351 duo

375 374 492 407 lla-fre
511 384 731 407 ttl‹·1·‹·;ttnttt¹.
757 372 870 407 Aliter
889 371 1009 416 euim,
1031 372 1098 407 uisi
1118 372 1152 407 iu
1172 372 1234 407 illo
1251 385 1359 408 mam-
1382 377 1404 408 Α
1428 371 1544 419 prima
1577 370 1784 405 necessario
1816 368 1884 404 sibi
1915 371 2139 407 famulantur
2161 372 2205 407 ad
2229 373 2386 410 invicem
2403 403 2412 418 ‚

376 432 543 473 seruitus,
565 432 724 466 fructum
751 432 868 467 facere
892 431 1102 480 nequimus.
1126 435 1207 480 Ipsa
1219 433 1362 468 Veritas

375 490 460 524 dicit
478 519 486 533 ,
520 498 556 524 ct
577 490 712 525 mutari
738 503 812 525 uon
841 498 984 538 potest,
1013 491 1114 525 Sient
1126 494 1270 538 palmes
1289 506 1361 526 mm

372 547 802 594 [111l‹·.vtsi·r1·‹·fiuvium,
830 549 900 582 nisi
928 553 1103 584 manserit
1127 553 1163 584 ite
1190 555 1288 592 vste&
1309 555 1362 585 sir

377 621 441 640 m‘r
464 621 542 649 vos,
563 612 634 641 nisi
661 612 699 641 it!
723 621 780 642 me
812 611 1121 651 1111111.s*(7·i!is.·ct‚
1153 613 1191 644 Si
1217 614 1299 657 qm's
1323 614 1360 644 in

375 678 431 700 me
460 679 531 701 uon
555 670 749 709 mamere't,
774 671 938 702 mittam·
957 666 1066 714 foras
1093 673 1185 703 sicut
1199 672 1358 717 palmes,

373 734 406 759 ΓΙ
419 733 576 767 ‹1r(·.«·(·l‚·
595 734 630 759 rt
645 727 815 772 colligam!
831 739 910 759 cum
922 753 930 769 ,
948 734 982 760 et
1001 730 1036 760 in
1059 731 1177 773 ignem
1203 732 1359 770 mittent,

373 792 408 818 rt
436 785 555 818 ardel.
576 783 691 819 Valde
716 783 814 819 enim
847 783 1051 819 timendum
1075 793 1129 820 est
1149 785 1238 821 illud
1258 785 1360 834 quod

370 844 551 891 sequitur,
579 846 617 877 Si
637 847 716 891 qais
747 848 785 878 in
807 856 864 878 me
887 857 959 878 non
994 848 1189 887 manserit,
1214 853 1284 880 etc.
1323 846 1357 881 Si

371 902 452 949 quis
471 914 546 936 nou
571 901 747 936 manserit
768 901 802 936 in
826 900 985 936 Domino
1000 904 1085 936 Jesu
1109 901 1273 947 Christo,
1294 915 1360 937 ex-

372 961 533 1009 pelletur
550 960 595 996 de
610 960 802 996 consortio
819 969 1049 1006 sanctorum,
1069 969 1210 997 arescet
1223 974 1300 1010 prae
1317 961 1359 997 ti-

371 1033 474 1055 more
502 1028 537 1055 ct
562 1020 840 1069 exspectatione
867 1019 1118 1056 damnationis
1142 1028 1356 1069 perpetuae:

1429 444 1495 466 nec
1520 443 1634 465 uuum
1653 429 1804 465 alterius
1829 428 2033 466 absentiam
2055 431 2195 479 patitur
2216 446 2222 468 :
2241 441 2277 468 et
2294 434 2414 482 qualis

1427 503 1557 526 eorum
1584 489 1747 539 parilitas
1769 489 1895 534 suerit,
1926 503 1990 538 per
2010 491 2249 539 euthymema
2269 505 2413 540 eogno—

1427 550 1554 584 scitur.
1587 549 1621 584 si
1650 548 1782 596 aliquis
1804 556 1927 583 manet
1954 549 1990 584 in
2012 549 2182 594 Christo,
2206 551 2414 587 necessario

1426 608 1595 656 sequitur
1622 615 1661 642 ut
1689 607 1825 643 Christi
1855 615 2041 656 praecepta
2073 621 2223 645 manere
2254 609 2415 646 debeant

1429 668 1464 704 in
1486 668 1630 703 eodem.
1650 671 1693 703 Et
1707 666 1902 715 quodlibet
1919 667 2073 704 istorum
2094 669 2166 704 hoc
2186 683 2302 706 unum
2321 683 2413 706 con-

1427 727 1557 762 cludit.
1586 730 1690 762 l’etat
1716 739 1736 761 a
1760 726 1906 762 Christo
1934 726 2203 776 quodcumque
2224 728 2410 773 voluerit,

1427 794 1462 821 et
1485 784 1646 821 habebit.
1670 785 1880 821 Necessaria
1897 784 2045 820 videtur
2078 786 2158 822 talis
2183 786 2312 823 illatio.
2340 790 2414 823 Iste

1427 852 1550 879 manet
1568 844 1602 879 iu
1625 843 1792 888 Christ03
1812 856 1900 891 crgo
1916 843 2098 892 quidquid
2118 844 2224 880 abeo
2240 845 2284 881 ad
2302 846 2412 882 talem

1425 911 1644 951 proveetum
1667 901 1827 951 petierit,
1846 902 2072 951 impetrabit.
2094 903 2271 940 Similiter
2286 905 2413 941 ethaec

1423 962 1492 997 alia
1519 975 1524 996 :
1549 961 1671 997 Verba
1691 961 1825 998 Christi
1843 969 1996 997 manent
2016 961 2052 997 in
2075 962 2167 1007 isto;
2185 975 2294 1011 ergo,
2313 971 2383 999 etc.

1477 1021 1512 1056 2.
1534 1024 1796 1057 vormnmmcn
1816 1019 1939 1055 dicere
1956 1033 2154 1069 possumus
2176 1035 2183 1057 ε
2206 1021 2235 1058 si
2254 1035 2321 1071 per
2336 1022 2410 1058 vim

368 1088 402 1114 ct
428 1080 584 1115 ministri
616 1080 763 1115 tartarei
785 1079 1069 1128 apprehendent
1088 1079 1191 1115 illum
1208 1108 1216 1124 ‚
1248 1088 1284 1115 ct
1318 1080 1353 1115 in
1375 1086 1402 1119 B
1421 1081 1641 1129 copulativa·
1656 1079 1932 1128 conjunctionis
1949 1079 2164 1116 dialecticus
2179 1081 2333 1117 latrator
2345 1081 2411 1117 ob-

373 1140 494 1185 iguem
529 1140 676 1174 mittent
709 1147 931 1188 perpetuum
964 1139 1043 1174 sine
1065 1139 1137 1174 linc
1168 1152 1351 1175 arsurum.

371 1197 424 1233 Ab
456 1197 522 1233 hac
547 1197 786 1233 damnatione
813 1205 994 1246 perpetua
1013 1197 1138 1245 gloria».
1161 1206 1354 1246 perpetum

369 1265 500 1292 :uu-tor
523 1270 591 1292 uos
618 1256 750 1292 liberet
770 1260 876 1292 Jesus
893 1256 1061 1293 Christus
1085 1256 1267 1292 Dominus
1285 1269 1354 1292 no-

365 1323 453 1357 ster,
481 1316 543 1363 qui
570 1329 653 1351 cum
681 1319 784 1351 Patre
814 1323 850 1351 ct
880 1315 1016 1363 Spiritu
1047 1323 1176 1351 sancto
1207 1316 1297 1351 vivit
1318 1325 1355 1351 et

366 1383 491 1421 regnat
524 1379 621 1410 Deus
651 1374 870 1411 benedictus
890 1374 926 1409 in
959 1374 1091 1410 saecula
1113 1375 1348 1410 sacculorum.

369 1438 497 1467 Amen.

703 1541 884 1579 SERMO
913 1541 1008 1579 XII.

600 1664 634 1691 ln
650 1672 728 1692 vers.
748 1664 803 1692 7-9
820 1672 886 1704 cap.
906 1673 949 1691 xv
968 1660 1108 1693 Joannis.

419 1792 450 1825 1.
474 1789 604 1825 Omnis
631 1789 694 1837 qui
719 1788 815 1824 viam
836 1787 1003 1824 veritatis
1031 1788 1140 1836 gestit
1160 1788 1349 1837 arripere,

1419 1139 1541 1182 sistat,
1563 1153 1646 1188 quae
1670 1138 1811 1174 nodum
1831 1139 1938 1187 ponit
1965 1139 2062 1174 inter
2082 1139 2198 1188 paria,
2226 1152 2295 1176 nec
2314 1140 2413 1176 inter

1419 1206 1563 1247 partem
1583 1207 1619 1234 et
1641 1206 1781 1242 totum,
1801 1197 1865 1233 scd
1886 1198 1983 1234 inter
2004 1206 2121 1234 totum
2144 1207 2180 1234 et
2195 1207 2360 1248 partem,
2376 1207 2413 1236 et

1421 1257 1516 1293 inter
1535 1258 1709 1307 opposita
1734 1265 1770 1292 et
1789 1257 1975 1293 contraria
1991 1285 2000 1302 ,
2028 1265 2063 1293 et
2081 1258 2179 1294 inter
2195 1259 2411 1296 excedentia

1420 1324 1457 1352 et
1489 1328 1638 1352 excessa
1659 1331 1666 1351 :
1690 1316 1848 1351 dicimus
1878 1316 2004 1365 itaque
2030 1317 2134 1365 quod
2155 1318 2306 1366 quidam
2327 1331 2408 1355 ma-

1420 1382 1510 1409 nent
1525 1374 1560 1409 in
1579 1374 1737 1418 Christo,
1752 1382 1788 1409 et
1802 1373 1916 1409 verba
1931 1373 2012 1421 ejus
2029 1384 2180 1411 manent
2193 1376 2229 1412 in
2245 1376 2383 1414 eisdem
2398 1395 2408 1424 ;

1421 1433 1481 1468 alii
1501 1441 1655 1468 manent
1679 1433 1716 1468 in
1737 1436 1836 1478 Deo,
1857 1433 1921 1469 scd
1938 1432 2052 1469 verba
2072 1434 2138 1470 Dei
2160 1447 2234 1470 non
2257 1445 2409 1473 manent

1420 1492 1457 1528 in
1477 1491 1542 1528 eis.
1568 1492 1634 1528 Ille
1655 1491 1718 1540 qui
1740 1499 1863 1527 manet
1880 1491 1917 1527 in
1941 1492 2105 1538 Christo,
2121 1500 2158 1529 et
2174 1492 2288 1530 verba
2303 1494 2410 1532 Chri-

1418 1552 1464 1587 sti
1483 1551 1521 1587 iu
1537 1563 1582 1587 eo
1597 1579 1606 1596 ,
1630 1551 1761 1587 doctor
1776 1559 1831 1587 est
1855 1551 2142 1597 ecclesiasticus,
2161 1553 2224 1601 qui
2244 1565 2313 1602 per
2327 1566 2412 1591 eru-

1419 1610 1600 1646 ditionem
1624 1609 1806 1646 doctrinae
1826 1610 2064 1647 auditoribus
2084 1611 2159 1647 suis
2178 1610 2289 1648 habet
2310 1612 2411 1650 unde

1419 1670 1583 1719 proferat
1599 1683 1696 1706 nova
1713 1677 1749 1705 et
1765 1677 1905 1714 vetera,
1927 1670 2068 1707 fructus
2088 1670 2228 1707 scilicet
2247 1671 2410 1708 auctori-

1418 1736 1534 1764 tatum
1556 1728 1692 1764 veteris
1710 1736 1747 1764 et
1768 1728 1856 1764 novi
1877 1728 2126 1773 Testamenti;
2153 1736 2190 1765 et
2208 1728 2307 1766 bona
2325 1742 2408 1779 quae

1417 1787 1606 1837 discipulis
1622 1787 1811 1837 praedicat,
1828 1788 1889 1837 pie
1904 1795 1941 1823 et
1954 1787 2088 1824 devote
2105 1787 2268 1824 vivendo
2282 1789 2318 1824 in
2334 1789 2410 1825 suis

359 1856 505 1883 constat
522 1861 600 1883 csse
619 1860 836 1896 peraequum
857 1856 897 1883 ut
915 1847 959 1883 ad
981 1855 1166 1896 praeccpta
1184 1847 1352 1883 veritatis
1373 1856 1400 1892 C
1418 1847 1522 1884 factis
1539 1847 1723 1883 ostendat.
1746 1847 1851 1883 Alius
1877 1847 1976 1882 enim
1998 1860 2067 1896 per
2093 1847 2303 1884 doctrinam
2323 1860 2409 1884 ver-

359 1919 509 1942 manum
532 1907 655 1942 cordis
678 1906 874 1951 extendat,
903 1915 939 1942 et
966 1906 1002 1942 in
1034 1907 1087 1942 eis
1118 1905 1276 1943 lideliter
1292 1906 1349 1942 vi-

358 1975 420 2002 vat
455 1979 461 2001 ε
494 1975 533 2002 ut
564 1967 639 2016 ipsa
662 1980 794 2002 manus
825 1967 871 2002 sit
900 1967 1011 2015 plena
1039 1965 1275 2014 hyacinthis,
1314 1974 1351 2002 et

357 2033 490 2060 ventor
519 2025 597 2074 ejus
626 2025 814 2061 eburneus
845 2025 1040 2061 distinctus
1070 2024 1281 2074 sapphiris;
1315 2032 1351 2060 et

359 2082 516 2118 verbum
547 2083 684 2127 Verbi,
716 2091 945 2132 praeceptum
973 2082 1106 2118 Christi
1145 2083 1181 2118 in
1212 2082 1351 2131 pyxide

360 2142 494 2177 mentis
518 2155 585 2191 per
604 2155 769 2178 amorem
792 2142 995 2185 contineat,
1020 2149 1056 2177 et
1075 2141 1163 2177 soris
1185 2142 1264 2191 ipse
1284 2141 1352 2178 ssos

363 2200 467 2235 verbi
500 2213 568 2249 per
597 2209 838 2249 augmentum
873 2200 961 2236 boni
1003 2200 1128 2249 operis
1172 2200 1350 2237 redoleat.

358 2259 531 2295 Profecto
545 2272 655 2307 quem
671 2259 722 2294 sic
739 2271 817 2294 esse
833 2258 1031 2304 constabit,
1045 2270 1065 2293 a
1078 2262 1156 2295 Deo
1167 2259 1353 2308 quidquid

362 2317 429 2353 sibi
452 2318 692 2367 profuturum
712 2318 873 2366 petierit,
897 2318 1105 2353 necessario
1123 2318 1351 2367 impetrabit.

360 2381 443 2425 Ipsa
480 2378 606 2425 regula
638 2377 834 2421 Veritatis,
857 2377 978 2412 omnis
1003 2377 1121 2413 forma
1151 2378 1354 2415 sanctitatis

361 2436 481 2470 sanxit
503 2436 537 2470 in
558 2444 802 2484 perpetuum,
828 2448 896 2470 uec
914 2435 1051 2471 valebit
1071 2434 1262 2483 abrogari,
1285 2449 1353 2472 nec

364 2495 409 2529 de
432 2494 527 2530 libro
542 2494 618 2542 jam
643 2495 777 2530 mutari
804 2495 975 2530 Veritatis
995 2495 1150 2530 sanctio.
1175 2495 1235 2531 Ait
1252 2495 1351 2530 euim

362 2558 468 2589 ,lesus
490 2567 593 2589 meus
607 2582 615 2597 ‚
638 2554 712 2588 imo
734 2553 782 2588 ait
802 2557 903 2589 'Deus
918 2566 1034 2598 meus,
1053 2553 1218 2589 veritatis
1241 2554 1352 2589 lirmi-

1415 1906 1505 1942 bum
1524 1907 1592 1943 Dei
1613 1919 1689 1943 non
1710 1905 1845 1952 habet,
1865 1914 1901 1942 et
1918 1914 2039 1942 tamen
2060 1907 2098 1942 in
2121 1906 2267 1944 Christo
2285 1914 2410 1943 manet

1416 1978 1484 2014 per
1505 1964 1642 2001 bonam
1665 1965 1790 2000 vitam.
1815 1968 1887 2001 Iste
1906 1965 2075 2014 profecto
2097 1965 2165 2001 etsi
2189 1965 2407 2002 mandatum

1416 2023 1550 2061 Christi
1572 2037 1647 2059 non
1666 2022 1777 2060 habet
1798 2024 1834 2059 in
1855 2023 1973 2069 libro,
1994 2023 2107 2060 habet
2132 2031 2254 2060 tamen
2274 2024 2311 2060 in
2329 2037 2410 2061 cor-

1417 2082 1463 2119 de
1483 2083 1664 2120 charitate
1697 2083 1863 2120 dilatato.
1898 2084 1961 2120 Isti
1992 2084 2101 2128 tales,
2130 2096 2246 2132 quam
2265 2083 2407 2128 felices,

1418 2156 1529 2192 quam
1548 2142 1663 2179 beati!
1695 2145 1838 2178 Horum
1857 2141 2009 2190 quidem
2034 2142 2160 2178 talium
2181 2150 2236 2178 est
2251 2154 2408 2191 regnum

1419 2202 1613 2239 coelorum.
1636 2201 1741 2238 Alius
1761 2201 1824 2250 qui
1842 2200 1998 2237 verbum
2018 2201 2085 2236 Dei
2101 2199 2214 2237 habet
2228 2228 2237 2244 ‚
2257 2208 2294 2236 et
2315 2199 2408 2236 illud

1419 2274 1534 2311 opere
1551 2274 1625 2297 non
1645 2268 1817 2305 exercet,
1840 2260 2044 2296 monachus
2064 2267 2120 2296 est
2139 2259 2330 2308 religionis
2346 2271 2409 2295 so-

1421 2320 1588 2369 phisticae
1600 2349 1609 2365 ‚
1636 2319 1705 2356 sub
1723 2327 1905 2368 praetextu
1922 2319 2123 2354 sanctitatis
2139 2319 2300 2368 palliatae
2318 2331 2326 2353 ε
2344 2319 2408 2367 qui

1419 2379 1453 2414 ei
1479 2378 1582 2426 quod
1611 2391 1657 2413 ex
1676 2377 1819 2425 Regula
1842 2377 2031 2413 Benedicti
2061 2377 2210 2422 didicit,
2232 2390 2408 2426 perverse

1418 2436 1581 2472 vivendo
1620 2436 1851 2472 contradicit.
1882 2439 1955 2472 Iste
1991 2436 2071 2471 talis
2103 2448 2179 2472 non
2211 2443 2335 2471 manet
2370 2435 2407 2472 in

1418 2496 1586 2539 Christo,
1607 2509 1675 2532 nec
1698 2495 1832 2532 Christi
1856 2494 1970 2530 verba
1993 2503 2144 2531 manent
2166 2495 2201 2530 in
2229 2508 2293 2540 eo;
2321 2495 2408 2543 quia

1420 2569 1488 2592 nec
1517 2556 1703 2592 Christum
1726 2563 1845 2599 annuat,
1873 2567 1942 2590 nec
1962 2554 2042 2603 ejus
2062 2562 2250 2603 praecepta
2277 2553 2408 2590 obser-

364 2623 437 2657 tas,
467 2613 630 2648 falsitatis
657 2613 823 2657 avulsio,
868 2621 1107 2661 peccatorum
1139 2613 1255 2657 ultio,
1290 2613 1350 2649 via
1367 2629 1398 2661 D
1422 2624 1499 2658 vat,
1529 2615 1701 2663 ‹piamvis
1727 2622 1762 2650 et
1786 2613 1972 2650 Christum
1995 2625 2136 2658 amare,
2156 2621 2193 2648 et
2210 2611 2293 2661 ejus
2309 2625 2408 2661 prae-

364 2673 451 2715 viae,
471 2671 544 2706 vita
567 2671 670 2715 vitm,
695 2679 792 2707 totus
812 2671 950 2714 dulcis,
976 2680 1075 2707 totus
1096 2670 1231 2715 bonus,
1253 2679 1352 2708 totus

362 2743 474 2765 verax
490 2759 498 2774 ,
521 2739 619 2765 totus
640 2743 769 2775 verus3
786 2730 836 2765 ait
855 2731 954 2766 enim
981 2745 988 2766 :
1013 2732 1052 2765 Si
1070 2734 1106 2765 ise
1128 2744 1184 2765 me
1205 2744 1352 2766 mame-

364 2795 464 2833 ritis,
493 2798 527 2824 et
547 2789 658 2823 verba
680 2803 762 2824 mea
784 2795 821 2824 itt
850 2789 956 2825 vohis
977 2794 1199 2833 manserint,
1230 2793 1349 2838 quod-

362 2862 515 2895 cumque
544 2852 752 2891 valueritis,
771 2854 924 2896 petetis,
951 2857 986 2884 et
997 2850 1069 2895 fiet
1090 2849 1201 2885 vobis.
1220 2853 1352 2898 Magna

362 2916 447 2943 sunt
470 2908 568 2942 dona
585 2920 668 2955 quae
689 2908 831 2944 Veritas
850 2908 927 2957 ipsa
944 2909 1149 2957 promittit,
1166 2921 1250 2957 quae
1268 2910 1353 2945 nul-

364 2968 418 3001 los
438 2967 561 3002 fallere
584 2967 698 3002 novit,
725 2969 985 3014 Quodcumque
1002 2970 1205 3011 vol11m·1'ec'.s·‚
1229 2968 1352 3017 inquit

365 3027 546 3061 Dominus
566 3029 689 3070 Jesus,
707 3031 857 3074 pereliv,
889 3036 922 3061 et
936 3029 1009 3074 siet
1031 3027 1134 3062 vobis
1152 3041 1162 3060 .·
1184 3027 1232 3063 ita
1253 3027 1353 3064 dun—

366 3093 464 3120 taxat
481 3090 512 3119 si
529 3090 565 3118 iu
585 3099 640 3119 me
659 3090 866 3120 maram-stis
879 3113 889 3128 ,
909 3095 944 3121 et
960 3086 1072 3122 verba
1096 3099 1177 3121 mea
1198 3090 1234 3121 in
1252 3087 1354 3122 vobis

363 3150 576 3179 tmnzscrml.
599 3148 650 3179 Ac
676 3144 703 3179 si
731 3145 825 3179 dicat
847 3159 853 3180 ς
875 3148 914 3179 Si
935 3150 972 3179 in
989 3159 1045 3179 me
1065 3149 1269 3180 numsert'tia·
1286 3159 1353 3194 pet·

363 3205 424 3238 dih
439 3205 613 3247 ctionem,
627 3213 659 3237 ι’(
676 3203 785 3237 awrlm
802 3218 882 3238 mea
899 3209 934 3239 iu
950 3204 1051 3239 vobis
1068 3209 1353 3254 121(111.s·.01·iutpcr

362 3263 486 3311 opt-ris
512 3263 816 3307 ‹·xs‹·‹·i1tiou‹·ui;
847 3266 1101 3310 quadrataque
1134 3265 1346 3307 valueritis,

361 3323 492 3356 azzimzc
516 3322 705 3370 fvi-tineus·
726 3322 768 3355 ad
793 3322 1000 3371 profi-ctum
1015 3350 1023 3363 ,
1041 3322 1156 3370 petite
1175 3335 1248 3358 non
1268 3322 1346 3357 hae-

1419 2681 1526 2723 cepta
1557 2685 1705 2709 servare
1728 2685 1766 2709 se
1795 2672 1918 2720 lingat.
1950 2671 2021 2709 Sed
2049 2671 2168 2720 qualis
2200 2671 2267 2707 iste
2297 2671 2409 2707 miser

1418 2732 1553 2776 suerit,
1579 2731 1657 2768 dics
1691 2731 1841 2767 Domini
1871 2729 2096 2775 declarabit;
2128 2729 2191 2766 ubi
2222 2742 2298 2765 non
2329 2741 2408 2765 esse

1417 2791 1557 2841 poterit
1576 2790 1764 2826 simulatio
1786 2789 1974 2837 religionis
1989 2818 1998 2835 ,
2019 2801 2086 2824 nec
2107 2788 2205 2824 lictio
2228 2787 2404 2825 sanctita-

1417 2851 1479 2896 tis,
1499 2863 1566 2886 nce
1588 2863 1710 2885 sermo
1728 2849 1964 2898 sophisticus,
1984 2861 2052 2884 nce
2068 2847 2304 2896 syllogismus
2326 2859 2407 2883 ver-

1417 2918 1532 2946 sutus.
1558 2909 1691 2945 Omnia
1721 2908 1820 2944 nuda
1839 2916 1948 2944 crunt
1974 2915 2010 2943 ct
2035 2915 2163 2956 aperta
2180 2911 2269 2944 Jesu
2289 2905 2407 2954 judici

1418 2981 1506 3004 vere
1529 2967 1713 3016 judicanti
1741 2968 1930 3013 districte,
1961 2979 2037 3002 non
2068 2966 2113 3002 de
2134 2966 2230 3002 facto
2262 2973 2405 3002 tantum

1421 3041 1598 3077 perverso
1614 3055 1623 3071 ,
1647 3027 1708 3063 sed
1727 3027 1837 3063 etiam
1859 3026 1905 3062 de
1923 3025 2041 3062 verbo
2056 3026 2177 3062 otioso
2194 3039 2204 3070 3
2227 3038 2302 3061 non
2324 3033 2407 3061 tan-

1420 3096 1495 3123 tum
1514 3087 1559 3123 de
1579 3088 1720 3123 incessu
1738 3087 1891 3136 pedum,
1916 3099 1982 3122 nec
2000 3086 2045 3122 de
2061 3086 2190 3122 labore
2210 3098 2404 3131 manuum,

1420 3147 1483 3182 sed
1503 3147 1612 3182 etiam
1631 3147 1676 3182 de
1694 3146 1796 3193 jactu
1817 3146 2026 3181 oculorum.

1473 3207 1507 3242 3.
1528 3210 1662 3242 Pcuset
1681 3218 1770 3254 ergo
1797 3205 1860 3253 qui
1883 3205 1963 3240 talis
1991 3211 2064 3248 est,
2090 3202 2135 3238 ad
2156 3202 2245 3251 quid
2275 3215 2406 3239 mona-

1419 3264 1511 3300 chus
1530 3265 1684 3300 cai-ctus
1702 3271 1767 3300 est.
1800 3263 1906 3299 Lavit
1937 3262 2050 3311 pedes
2085 3274 2193 3307 suos,
2214 3261 2405 3310 quomodo

1417 3324 1654 3372 reinquinare
1690 3323 1904 3372 praesumit?
1932 3321 2164 3371 Exspoliavit
2196 3334 2234 3356 se
2267 3321 2402 3365 tunica,
