2418 3949
163 211 258 248 1185

599 212 767 249 OGERII
796 213 958 249 SERMO
985 215 1003 248 Ι
1032 214 1094 248 DE
1123 214 1294 249 VERBIS
1324 214 1499 250 DOMINI
1528 217 1579 251 IN
1609 217 1776 252 COENA.

159 301 262 324 mare
283 287 330 324 ad
348 287 520 337 exempla
536 287 755 324 humilitatis
772 288 962 337 sequenda
982 287 1149 337 discipu-
1159 286 1190 305 ⁵⁹

2111 220 2210 256 11813

1195 287 1207 305 ⁷
1221 287 1339 324 salute
1359 289 1490 326 mundi
1504 318 1513 335 ,
1545 299 1582 326 et
1604 304 1799 339 resurgere
1828 291 1936 328 tertia
1956 293 2036 340 die;
2064 304 2102 331 et
2120 309 2216 345 prte-

158 349 236 394 los,
265 356 302 384 et
329 361 399 397 per
417 348 501 384 illos
519 360 649 384 omnes
666 347 862 385 credentes
878 349 915 384 in
932 361 1017 384 eum
1035 362 1045 394 ;
1068 361 1152 384 cum
1171 348 1203 380 A
1220 347 1336 383 dicari
1358 348 1396 383 in
1422 349 1575 385 nomine
1605 350 1724 399 ipsius
1743 351 2004 399 poenitentiam
2025 362 2062 390 et
2084 357 2214 392 remis-

158 407 500 456 appropiuquasset
526 406 618 442 hora
638 406 700 442 illa
720 407 887 455 piissima
900 436 910 453 ,
940 421 1013 456 qua
1034 420 1122 444 caro
1140 436 1149 452 ‚

159 479 272 514 quam
293 465 339 501 de
365 466 584 503 intemerata
609 466 763 514 Virgine
783 475 995 515 sumpserat
1019 466 1149 512 Maria,

160 532 233 560 tam
254 525 358 561 triste
374 533 470 561 esset
488 537 713 574 perpessura
741 526 968 574 supplicium
986 541 995 571 ;
1018 525 1064 562 ab
1086 526 1149 562 illo

159 583 277 621 nobili
293 598 369 621 suae
386 583 673 633 temporalitatis
688 592 858 620 extremo
877 586 1053 621 convivio
1071 599 1150 622 sur-

157 642 275 688 rexit,
298 643 522 679 vestimenta
544 641 744 691 deposuit,
771 656 905 691 aquam
940 644 978 680 in
1011 645 1150 693 pelvim

159 701 280 747 misit,
303 709 340 737 et
364 700 479 750 pedes
499 700 771 749 discipulorum
792 701 895 737 lavit.
920 706 967 738 Et
996 702 1067 738 hoc
1096 710 1152 739 est

158 759 262 809 quod
281 763 446 797 Joannes
471 759 699 808 evangelista
720 760 771 796 ait
803 774 810 795 :
843 763 943 796 Ante
968 763 1066 797 diem
1088 760 1151 808 se—

158 829 273 864 siam,
296 828 367 856 etc.
388 819 486 856 Talis
501 827 580 855 erat
601 832 682 855 mos
699 828 735 855 et
751 822 986 858 consuetudo
1001 822 1150 859 Judaeo-

156 891 254 924 rum,
274 879 431 915 utillum
446 878 544 914 diem
556 877 741 915 haberent
757 880 979 926 solemnem,
995 880 1149 929 quando

155 937 229 973 illis
257 938 444 974 Dominus
477 951 579 974 mare
613 938 785 975 Rubrum
823 939 949 976 divisit
984 941 1023 976 in
1057 940 1149 976 duas

151 1004 304 1046 partes,
338 1005 376 1033 et
405 997 563 1034 deduxit
596 1010 660 1034 eos
694 1011 762 1047 per
784 999 949 1035 medium
971 998 1076 1048 ejus,
1112 1006 1149 1035 et

1216 406 1359 442 sionem
1389 415 1628 455 peccatorum
1656 421 1725 457 per
1746 423 1877 446 omnes
1898 420 2027 460 gentes
2042 419 2049 434 ¹
2065 443 2074 459 ,
2108 428 2208 463 quo-

1216 466 1315 502 niam
1346 466 1424 515 ipse
1450 467 1501 502 sic
1533 467 1770 516 disposuerat
1807 483 1813 504 :
1852 478 1888 505 et
1924 470 1996 507 hoc
2031 474 2207 522 estquod

1215 524 1367 570 dicitur,
1391 526 1515 560 Sciens
1535 526 1640 561 Jews
1667 531 1759 574 quia
1782 533 1883 563 venit
1907 534 1988 575 ejus
2005 530 2118 578 hora,
2140 541 2207 569 etc.

1214 588 1302 621 Haec
1321 592 1375 620 est
1394 584 1456 620 illa
1478 584 1590 631 hora,
1611 585 1656 622 de
1673 599 1748 634 qua
1769 588 1943 636 superius
1964 589 2098 626 timens
2125 605 2210 628 mo-

1217 643 1247 680 ri
1273 643 1481 679 secundum
1514 657 1662 680 carnem
1692 645 1899 694 ingemuit,
1929 656 1965 683 et
1986 649 2036 684 ait
2064 664 2071 685 ε
2101 652 2210 687 Nunc

1216 707 1346 738 (mima
1363 715 1444 738 mea
1468 703 1614 738 turbata
1637 714 1689 739 esc
1709 707 1836 740 valde.
1871 708 1922 741 Et
1937 710 2029 754 quid
2052 711 2207 746 dicam?

1216 763 1334 797 Pater
1354 764 1491 796 salvam
1507 760 1642 809 mefac
1662 776 1709 797 (ἀς
1726 763 1795 797 hac
1807 764 1908 800 ltora.
1927 766 2002 800 Sed
2006 777 2210 815 propterea

1215 822 1305 857 veni
1322 825 1359 855 in
1373 821 1468 856 hanc
1494 822 1657 857 horam&
1679 822 1819 858 Timuit
1835 824 2002 860 Christus
2023 828 2119 863 mori
2137 856 2146 872 ,
2169 837 2212 865 ut

1217 888 1256 915 tu
1283 893 1357 916 non
1377 880 1507 916 timeas
1532 880 1642 925 mori,
1662 881 1858 918 conlidens
1878 883 1915 918 in
1936 897 2021 920 eum
2043 886 2108 934 qui
2130 900 2212 923 sus-

1215 939 1344 975 citavit
1373 943 1499 976 Jesum
1535 952 1554 975 a
1590 940 1749 975 mortuis
1778 941 1885 977 tertia
1923 942 1994 978 die.
2027 947 2070 980 In
2103 945 2208 982 illum

1216 1006 1360 1034 tantum
1377 1026 1387 1044 ,
1405 999 1470 1048 qui
1485 999 1814 1035 suscitavitJesum
1827 1029 1837 1046 ,
1859 1009 1913 1036 est
1933 1003 2209 1042 confitendum..

152 1056 315 1093 excussit
335 1057 566 1093 Pharaonem
585 1065 622 1093 et
636 1058 814 1094 virtutem
835 1057 916 1107 ejus
937 1058 974 1094 in
995 1058 1142 1095 eodem.
1166 1055 1192 1089 Β
1214 1060 1244 1094 Ο
1267 1065 1306 1093 111
1325 1085 1334 1102 ,
1359 1057 1560 1093 christiane
1580 1086 1589 1102 ⁷
1620 1071 1666 1093 ne
1686 1058 1732 1093 de
1756 1058 1824 1094 hac
1842 1059 2058 1098 infirmitate
2075 1062 2210 1113 despe-

153 1115 223 1151 Hic
243 1124 298 1152 est
317 1116 380 1152 ille
401 1117 480 1153 dies
500 1117 615 1153 festus
635 1117 784 1153 Paschae
799 1145 809 1162 ‚
833 1117 879 1153 de
902 1130 979 1166 quo
1005 1117 1145 1153 dietum

152 1184 231 1221 est,
254 1179 349 1212 Ante
376 1178 471 1211 diem
486 1175 623 1223 fiscum
652 1177 812 1213 Paschoe
842 1190 854 1211 .·
886 1190 971 1213 nam
1007 1176 1147 1213 Pascha

152 1236 423 1284 interpretatur
448 1235 653 1271 Transitus.
690 1238 782 1272 Nam
815 1235 1147 1285 appropinquabat

153 1294 246 1344 illud
271 1294 481 1343 piissimum
505 1294 666 1340 Pascha,
688 1307 763 1343 quo
780 1307 892 1332 verus
913 1298 1063 1344 Moyses
1083 1308 1152 1344 per

153 1366 256 1390 mare
286 1352 458 1390 Rubrum
490 1353 651 1390 debebat
672 1354 853 1400 transire;
887 1363 923 1391 et
958 1369 1033 1391 non
1064 1364 1150 1405 post

151 1412 399 1463 quadraginta
429 1425 573 1459 annos,
606 1413 671 1450 sed
700 1421 843 1449 tantum
868 1423 953 1463 post
980 1414 1146 1463 quadra-

151 1474 254 1522 ginta
282 1472 361 1509 dies
392 1473 588 1509 interram
616 1473 878 1522 promissionis
906 1473 1058 1510 intrare.
1080 1474 1146 1510 Ille

151 1533 230 1569 dies
249 1532 469 1569 Judaeorum
499 1533 612 1569 festus
639 1541 718 1568 erat
744 1532 900 1579 umbra,
922 1547 997 1582 quo
1020 1542 1146 1583 patres

150 1605 283 1629 eorum
305 1592 534 1628 transierunt
551 1591 596 1628 de
611 1595 799 1640 AEgypto:
822 1592 885 1628 scd
905 1592 967 1628 ille
989 1593 1057 1628 suit
1077 1606 1145 1629 vc-

152 1651 240 1688 ritas
254 1680 263 1697 ,
284 1664 361 1700 quo
380 1651 550 1688 Christus
569 1651 738 1687 transivit
760 1650 806 1687 (le
827 1651 898 1687 hoc
915 1651 1059 1688 mundo
1075 1667 1084 1696 ;
1109 1660 1146 1688 et

150 1711 203 1746 sic
234 1723 302 1747 nos
323 1710 409 1747 feeit
432 1709 589 1747 transire
618 1709 664 1746 de
696 1710 793 1746 vitiis
813 1710 858 1746 ad
879 1710 1038 1746 virtutes
1053 1739 1064 1757 ,
1099 1710 1146 1746 de

151 1778 274 1806 morte
308 1770 354 1806 ad
387 1770 530 1813 vitam,
560 1769 606 1806 de
627 1769 771 1805 mundo
804 1769 850 1805 ad
874 1770 1038 1814 coelum,
1073 1783 1144 1820 pro

1213 1128 1284 1151 res.
1312 1116 1451 1152 Docuit
1479 1116 1570 1164 quid
1596 1123 1685 1151 tunc
1708 1124 1744 1152 et
1776 1117 1813 1152 in
1837 1118 2012 1156 omnibus
2030 1122 2208 1169 perieulis

1212 1174 1344 1211 mortis
1357 1174 1493 1211 debeas
1512 1174 1651 1220 dicere,
1670 1174 1716 1210 ad
1735 1188 1845 1224 quem
1861 1178 2079 1227 confugere,
2096 1194 2208 1229 quem

1211 1234 1389 1270 invocare
1405 1262 1415 1280 ,
1439 1233 1478 1270 in
1502 1247 1614 1283 quem
1634 1246 1786 1283 sperare
1819 1249 1826 1270 ε
1860 1236 1895 1271 in
1919 1240 2065 1274 Patrem
2087 1244 2209 1278 Deum

1217 1294 1282 1343 qui
1302 1307 1379 1330 non
1400 1301 1525 1343 potest
1548 1292 1741 1343 despicere
1761 1304 1955 1343 sperantes
1978 1297 2015 1333 in
2038 1311 2076 1335 se
2092 1327 2101 1344 ,
2124 1313 2210 1338 cum

1217 1354 1457 1390 attestatione
1478 1352 1667 1389 bonorum
1692 1367 1865 1403 operum.
1889 1359 2083 1395 Bonorum
2102 1359 2208 1407 dico,

1216 1413 1304 1463 quia
1324 1413 1403 1450 sine
1421 1412 1564 1449 meritis
1588 1413 1729 1461 aliquid
1751 1427 1900 1463 sperare
1918 1429 1993 1452 non
2014 1432 2111 1468 spes,
2146 1421 2211 1458 sed

1215 1472 1462 1522 praesumptio
1479 1471 1591 1508 debet
1605 1471 1692 1508 dici.
1710 1476 1764 1509 Tu
1778 1473 1904 1522 itaque
1921 1476 2007 1512 talia
2024 1478 2080 1514 fac
2094 1492 2209 1528 opera

1213 1541 1297 1578 tua,
1330 1540 1369 1568 ut
1396 1532 1429 1567 ei
1458 1532 1496 1568 in
1527 1531 1620 1567 liora
1645 1532 1800 1578 mortis,
1833 1533 1870 1569 in
1900 1536 2058 1573 veritate
2083 1537 2208 1576 dicere

1210 1592 1331 1642 possis
1347 1606 1353 1627 z
1369 1595 1416 1628 In
1431 1601 1478 1636 te,
1499 1594 1839 1640 Domine,spe1-am·,
1852 1608 1924 1629 nou
1938 1595 2150 1642 conficnclm·
2169 1604 2207 1635 in

1211 1661 1388 1687 aeternnm
1401 1649 1427 1687 ³.
1450 1654 1554 1688 Hanc
1569 1651 1700 1687 horam
1718 1652 1905 1700 praescivit
1922 1682 1931 1699 ,
1958 1654 2054 1692 hanc
2072 1657 2204 1695 horam

1211 1711 1347 1759 elegit,
1381 1718 1421 1746 ut
1447 1711 1487 1746 in
1515 1724 1558 1746 ea
1590 1723 1659 1759 per
1687 1719 1848 1747 mortem
1882 1712 1929 1750 de
1963 1714 2035 1751 hoc
2066 1717 2209 1754 mundo

1213 1771 1387 1807 transiret
1414 1769 1461 1806 ad
1498 1773 1644 1807 Patrem
1667 1771 1875 1807 secundum
1905 1772 2175 1812 humanitatem
2197 1806 2206 1822 ,

149 1827 261 1865 nobis
292 1829 445 1865 victima
474 1829 592 1865 sactus
618 1837 655 1865 et
684 1829 905 1865 sacrificium
923 1858 932 1876 ‚
953 1843 990 1866 se
1018 1830 1142 1880 ipsum
1164 1830 1190 1866 C
1210 1842 1231 1866 a
1250 1843 1326 1879 quo
1344 1842 1538 1878 nunquam
1554 1829 1707 1866 recessit
1724 1830 1933 1868 secundum
1955 1832 2206 1873 divinitatem.

149 1889 232 1923 Deo
260 1887 361 1924 Patri
387 1887 425 1923 in
449 1900 512 1923 ara
546 1887 666 1923 crucis
686 1886 850 1923 offerens
870 1887 1143 1924 holocaustum.

151 1948 248 1982 Ante
263 1949 360 1982 diem
368 1945 509 1993 jes-tum
531 1946 696 1981 Paschae
709 1974 719 1991 ,
744 1954 814 1982 etc.
835 1946 932 1993 Quid
949 1960 1039 1996 ergo
1059 1955 1114 1983 est
1132 1975 1142 1993 ,

150 2019 174 2042 0
193 2014 320 2043 sancte
351 2010 541 2052 Joannes,
564 2006 666 2055 quod
693 2005 786 2042 dicis
820 2007 986 2043 festum?
1011 2010 1146 2043 Nonne

151 2065 230 2102 dies
248 2066 361 2102 festus
375 2094 384 2112 ,
418 2065 496 2102 dies
516 2074 572 2102 est
590 2065 715 2114 gaudii
745 2073 782 2101 et
806 2066 966 2102 laetitiae?
986 2069 1146 2103 Putasne

152 2125 232 2162 dies
248 2125 309 2161 ille
325 2134 382 2162 est
401 2125 539 2162 laetitiae
558 2133 596 2161 et
613 2124 861 2173 jucunditatis
875 2154 884 2170 ‚
916 2138 992 2174 quo
1018 2130 1146 2174 Agnus

151 2186 190 2221 in
216 2185 337 2221 crucis
365 2186 510 2221 levatur
539 2184 794 2221 immolandus
823 2184 950 2234 stipite
967 2213 976 2230 ,
999 2198 1143 2235 oppro—

150 2244 275 2281 brium
298 2245 493 2282 hominum
514 2245 651 2291 sactus,
672 2254 708 2281 et
727 2244 889 2293 abjectio
905 2244 1046 2294 plebis;
1069 2258 1144 2294 quo

147 2318 228 2355 prae
253 2304 383 2341 dolore
412 2305 467 2341 sol
500 2303 738 2350 obscuratur,
766 2312 882 2354 petrae
905 2304 1144 2350 scinduntur,

149 2372 186 2401 et
207 2372 282 2401 tota
307 2363 563 2400 contremiscit
595 2362 718 2399 orbita
751 2363 908 2408 mundi;
933 2363 997 2399 ubi
1026 2367 1146 2399 Mater

147 2424 201 2460 sic
218 2424 365 2474 plorat,
388 2431 425 2460 et
439 2422 520 2472 ejus
536 2422 692 2459 dilectus
714 2424 911 2460 Joannes?
936 2423 1065 2460 Potius
1083 2423 1144 2459 ille

147 2483 226 2520 dies
244 2483 313 2519 suit
327 2483 450 2519 luctus
466 2511 475 2528 ‚
496 2495 609 2531 quam
633 2482 729 2519 risus
749 2491 787 2519 et
806 2482 934 2519 laetitia
955 2483 1090 2519 sanctis
1107 2492 1145 2520 et

145 2543 302 2580 electis:
333 2542 396 2579 sed
432 2542 572 2579 Judaeis
603 2542 754 2588 laetitia;
780 2541 846 2578 tibi
879 2551 916 2579 et
953 2544 1143 2592 Apostolis

1210 1890 1277 1926 Illa
1297 1890 1388 1926 hora
1413 1898 1469 1926 est
1485 1889 1567 1926 linis
1583 1889 1643 1926 ille
1656 1918 1666 1936 ‚
1693 1889 1739 1926 de
1757 1903 1834 1939 quo
1853 1891 1992 1928 dicitur
2009 1908 2017 1930 :
2042 1894 2131 1931 Cum
2148 1898 2210 1931 cli-

1212 1952 1365 1986 leoet'ssec
1384 1963 1468 1985 suos
1491 1954 1555 1997 qui
1569 1959 1678 1986 erant
1698 1953 1735 1985 in
1752 1953 1889 1986 mundo
1903 1981 1914 1996 ‚
1936 1954 2099 1998 infinem
2114 1958 2211 1992 ‹lile-

1211 2013 1268 2044 xic
1280 2022 1353 2046 eos,
1369 2012 1461 2046 Cum
1478 2008 1667 2045 dilexisset
1683 2021 1770 2046 suos
1786 2023 1856 2059 pro
1873 2010 1924 2047 eis
1941 2011 2055 2049 homo
2074 2014 2208 2062 sactus,

1211 2068 1251 2103 in
1285 2076 1430 2104 tantum
1464 2080 1528 2104 eos
1562 2067 1712 2114 dilexit,
1749 2082 1949 2119 quousque
1978 2072 2023 2108 ad
2046 2083 2205 2112 mortem

1213 2126 1364 2163 dilectio
1388 2140 1474 2163 eum
1500 2127 1691 2176 perduxit.
1712 2131 1763 2165 Te
1788 2128 1919 2165 dilexit
1938 2130 1976 2167 in
1993 2141 2115 2169 morte
2130 2163 2139 2180 ,
2167 2144 2208 2172 ut

1212 2194 1251 2222 tu
1272 2186 1471 2222 dilectione
1491 2185 1572 2234 ejus
1601 2186 1723 2235 possis
1746 2188 1904 2224 transire
1923 2188 1969 2225 de
1993 2192 2137 2228 mundo
2159 2193 2204 2229 ad

1211 2249 1373 2283 Patrem.
1394 2249 1444 2283 Te
1469 2245 1601 2282 dilexit
1617 2246 1655 2282 in
1674 2246 1784 2282 linem
1797 2274 1807 2292 ,
1838 2255 1878 2283 ut
1896 2256 1935 2284 tu
1954 2249 1991 2284 in
2013 2249 2095 2298 ejus
2112 2251 2206 2288 dile-

1212 2306 1336 2342 ctione
1350 2305 1520 2354 usquein
1538 2306 1649 2341 [inem
1667 2318 1889 2354 permaneas
1907 2321 1914 2342 ε
1932 2309 2034 2357 quod
2052 2311 2205 2359 quidem

1211 2366 1240 2401 si
1258 2365 1386 2402 feceris
1399 2394 1408 2411 ‚
1427 2365 1558 2414 procul
1580 2364 1696 2400 (lubio
1713 2364 1758 2400 ad
1776 2369 1922 2402 Patrem
1943 2369 2117 2406 transibis
2138 2386 2145 2406 z
2168 2372 2206 2407 in

1211 2424 1319 2474 cujus
1348 2424 1550 2460 dilectione
1577 2424 1641 2472 qui
1670 2437 1788 2473 usque
1814 2425 1851 2460 in
1877 2426 1988 2463 finem
2017 2441 2093 2465 non
2115 2443 2205 2479 per-

1210 2484 1410 2529 manserit,
1431 2484 1469 2519 in
1491 2483 1647 2519 veritate
1664 2482 1749 2518 dico
1766 2511 1775 2528 ,
1799 2483 1835 2519 in
1854 2493 2034 2522 {eternum
2053 2488 2203 2537 peribit.

1210 2547 1253 2581 In
1288 2543 1370 2592 ejus
1402 2543 1603 2579 dilectione
1638 2543 1773 2579 modus
1803 2546 1939 2581 amoris
1973 2547 2099 2584 nullus
2125 2562 2205 2586 esse

148 2603 221 2639 tuis
256 2602 415 2638 tristitia.
433 2602 652 2638 Judaeorum
673 2602 799 2638 laetitia
820 2610 992 2639 vertetur
1014 2602 1052 2638 in
1075 2602 1139 2639 lu—
1159 2609 1190 2642 D
1208 2604 1332 2641 debet.
1361 2604 1446 2640 Sine
1468 2602 1582 2639 modo
1602 2611 1636 2639 te
1662 2603 1793 2639 dilexit
1819 2618 1826 2639 ε
1860 2605 1941 2641 sine
1971 2607 2085 2642 modo
2116 2621 2202 2645 eum

147 2670 274 2706 ctum3
312 2669 348 2697 et
385 2661 532 2697 tristitia
564 2661 834 2710 Apostolorum
869 2669 924 2697 est
959 2673 1066 2697 versa
1103 2662 1140 2697 in

148 2720 340 2769 gaudium.
358 2719 546 2768 Sequitur,

202 2780 236 2816 2.
253 2782 376 2815 is'ce'ens
391 2781 417 2815 J
418 2793 497 2814 esus
511 2780 611 2827 quod
624 2782 728 2814 venit
739 2784 816 2825 (jlcs
833 2779 878 2814 lm
885 2793 939 2824 ra,
959 2788 997 2814 ul
1015 2788 1140 2814 trans—

147 2849 208 2875 eat
236 2853 284 2874 ex
307 2839 373 2874 hm:
401 2841 534 2874 maudo
560 2841 613 2874 ml
634 2840 792 2874 Patre-111.
814 2843 921 2875 ,lesus
938 2838 1112 2875 hebraice
1129 2867 1138 2883 ‚

146 2898 260 2934 latine
277 2898 448 2935 Salvator
465 2898 747 2947 interpretatur.
766 2902 840 2934 Istc
867 2907 922 2934 est
940 2898 1000 2934 ille
1019 2899 1139 2934 salva-

148 2966 209 2993 tor
230 2957 452 2993 fortissimus
470 2986 479 3002 ,
501 2958 565 3006 qui
595 2958 752 2993 ulterius
774 2957 869 2994 vinci
893 2971 967 2993 11011
987 2966 1110 3006 potest
1129 2986 1138 3002 ,

146 3026 183 3053 et
203 3018 319 3053 salvat
337 3031 467 3053 omnes
485 3026 679 3067 sperantes
703 3018 739 3053 111
761 3030 812 3053 se.
837 3019 958 3054 Semel
982 3031 1052 3068 pro
1076 3027 1110 3053 te
1129 3047 1138 3062 ‚

144 3077 347 3113 christiane
361 3104 370 3121 ‚
405 3077 524 3112 victus
541 3086 594 3112 est
611 3106 620 3123 ,
656 3077 731 3113 imo
752 3086 924 3113 mortuus
942 3092 948 3113 :
969 3078 1033 3113 sed
1061 3078 1136 3113 11011

146 3136 235 3171 llere
250 3164 258 3180 ,
277 3136 364 3184 quia
385 3136 547 3172 surrexit
565 3150 584 3172 a
600 3136 756 3172 mortuis
771 3164 780 3181 ,
800 3144 835 3172 et
853 3150 952 3172 mors
970 3137 1021 3172 illi
1042 3137 1135 3172 ultra

146 3208 222 3230 non
252 3194 520 3231 dotnInabitur.
554 3195 761 3245 Oportebat
799 3196 902 3232 illum
936 3196 1032 3232 mori
1069 3210 1136 3245 pro

200 3325 206 3339 ¹
227 3323 296 3350 Luc.
318 3331 418 3355 xxiv,
437 3323 478 3352 [16
494 3346 501 3359 ,
524 3324 575 3352 47.
596 3341 633 3344 —

281 3392 370 3414 TUM.
403 3393 436 3415 V.

1208 2661 1363 2711 diligere
1399 2660 1525 2697 debes.
1551 2660 1706 2696 Modum
1736 2661 1949 2698 dilectionis
1979 2667 2137 2701 excessit
2170 2674 2203 2702 10

1208 2720 1398 2769 diligendo
1416 2748 1425 2764 ,
1454 2733 1524 2769 pro
1546 2727 1578 2754 te
1598 2720 1796 2755 moriendo
1820 2734 1825 2755 :
1852 2729 1890 2756 tu
1907 2732 2091 2770 quantum
2114 2739 2199 2762 cum

1212 2780 1365 2828 diligere
1386 2779 1519 2823 dchS,
1546 2793 1621 2814 11011
1650 2788 1768 2828 potes.
1804 2781 1920 2829 Dilige
1951 2794 2035 2818 eum
2057 2797 2102 2819 ex
2125 2793 2202 2821 1010

1207 2839 1320 2875 corde
1336 2867 1345 2883 ‚
1375 2852 1419 2874 ex
1443 2846 1518 2874 tota
1537 2846 1660 2874 mente
1678 2847 1713 2874 et
1732 2840 1835 2875 0111111
1853 2841 1974 2877 anima
1988 2871 1997 2888 ‚
2019 2851 2054 2878 et
2076 2845 2201 2880 0111111-

1206 2897 1277 2935 bus
1297 2898 1440 2934 viribus
1462 2898 1545 2934 tuis.
1572 2901 1650 2934 1100
1672 2907 1815 2935 1111111101
1837 2901 1992 2948 (puerit,
2012 2903 2109 2939 ultra
2125 2917 2200 2940 11011

1208 2959 1340 3008 quierit
1361 2973 1367 2993 z
1391 2958 1459 2993 hoc
1488 2958 1542 2993 sae
1569 2966 1603 2993 et
1625 2958 1737 2994 vives.
1758 2960 1945 3008 Sequitur,

1260 3020 1294 3054 3.
1320 3021 1366 3053 Iz'l
1380 3032 1487 3052 cavat
1504 3016 1626 3063 stuta,
1661 3032 1742 3053 cum
1761 3019 1928 3054 ‹llalwlas
1947 3026 2031 3066 jam
2047 3027 2203 3058 linivisset

1206 3081 1242 3113 in
1260 3092 1332 3123 cor,
1349 3087 1387 3112 ut
1400 3080 1561 3112 [καίοι-ι’(
1578 3092 1673 3119 eum,
1690 3081 1717 3113 J
1717 3081 1809 3114 udas
1822 3083 1984 3116 Simonis*
2002 3083 2199 3120 Iscariolis.

1206 3138 1273 3173 1110
1309 3137 1480 3173 innuitur
1508 3151 1612 3173 cci-na
1643 3151 1722 3174 esse
1748 3142 1909 3187 ¹parata,
1937 3140 2001 3176 sed
2028 3142 2196 3178 nondum

1205 3205 1407 3241 trausacta3
1436 3197 1522 3245 quia
1545 3206 1673 3246 postea
1708 3197 1899 3243 recubuit,
1929 3208 1965 3235 et
1993 3199 2196 3237 buccellam

652 3327 662 3342 ²
680 3325 855 3358 Joan.x11‚
879 3326 932 3353 27.
1011 3321 1023 3343 3
1046 3324 1122 3354 pm!-
1140 3335 1205 3353 xxx
1221 3349 1227 3359 Ἰ
1251 3328 1279 3354 3,-

1970 3384 2018 3416 Rs
