2418 3949
26 201 98 237 317

730 203 779 238 IN
807 201 1034 245 CANTICA,
1066 200 1228 236 SERMO
1257 202 1370 236 XLV.

2000 201 2074 236 318

24 276 127 313 lium.
148 278 241 314 Cum
267 284 390 313 autem
411 275 575 314 ablatum
599 277 671 314 hoc
690 278 860 314 velamen
882 276 1014 321 fuerit,
1030 275 1177 310 molium
1207 288 1352 320 meum,
1374 284 1411 311 et
1430 276 1548 325 plagis
1568 276 1754 326 impositis
1778 276 1953 313 abierunt
1971 278 2079 314 semi-

23 343 114 372 tunc
134 336 260 372 rutilat
275 337 411 373 veritas
423 365 432 382 ,
451 345 540 373 tunc
556 336 755 382 scintillat,
774 345 810 373 et
825 335 1018 373 succendit
1033 342 1062 374 A
1086 334 1172 369 vivo
1185 347 1244 369 me
1257 335 1400 370 relicto.
1413 335 1758 384 Tuleruntpallium
1772 336 2076 386 meum,pallium

23 407 209 441 amorem3
228 403 316 431 tunc
331 396 422 431 alios
437 395 483 431 ad
497 396 848 444 congratulandum,
863 395 927 443 qui
946 395 1019 431 hoc

21 453 183 502 patitur,
212 454 352 503 poterit
374 454 534 490 invitare
548 481 557 498 ‚
581 453 708 490 dicens
729 468 737 490 :
760 456 941 489 Nuntiate
959 455 1020 487 (li-

23 514 113 547 lecto
124 516 213 560 quia
224 526 349 547 amore
369 515 541 561 langueo.
552 512 682 550 Videte
696 517 715 550 J
722 512 878 557 udaeam,
888 524 1018 561 quam-

23 569 89 607 diu
106 570 175 607 sul)
196 572 285 620 legis
301 572 538 621 operimento
558 571 697 608 latebat
710 571 868 617 veritas,
883 584 1020 620 quam-

24 629 88 666 diu
127 631 302 667 caecitatis
339 631 417 679 ipsa
458 630 639 667 tolerabat
669 631 840 667 velamen
873 644 881 666 :
915 638 1017 666 metu

26 688 221 738 torpebat,
244 689 380 725 affectu
404 689 525 738 rigido
546 689 597 725 nil
622 697 770 739 poterat
800 689 907 725 dulce
936 701 1018 725 sen-

24 747 117 793 tire,
144 760 212 783 nec
243 748 432 783 vulnerari
461 747 588 796 jaculo
609 749 809 785 charitatis.
834 751 926 785 Cum
947 761 1014 784 au-

25 814 98 842 tem
123 819 304 843 conversa
325 807 372 843 ad
395 807 599 843 Dominum
623 808 794 843 velamen
819 807 1014 856 deposuit,

25 878 109 902 cum
132 865 296 902 ablatum
317 866 387 902 hoc
408 866 460 902 illi
481 866 637 915 pallium
664 875 761 913 erat,
786 876 875 903 tunc
901 868 1016 916 coepit

25 925 194 974 gloriosae
217 925 328 973 hujus
349 925 596 961 consessionis
614 925 773 962 verbum
798 939 980 976 usurpare
1003 940 1010 961 :

26 987 137 1021 Filioe
158 985 388 1030 Jerusalem,
416 990 589 1020 nuntiate
617 987 752 1020 dilecto
777 991 868 1034 qnia
895 999 1020 1021 artiore

1085 393 1346 442 simplicitatis,
1361 394 1515 442 pallium
1535 395 1640 439 lucis,
1660 396 1836 431 amictum
1850 395 2001 440 laetitiae,
2017 409 2078 432 ar-

1084 451 1206 487 dentis
1234 453 1498 488 vestimentum
1529 454 1695 489 affectus.
1728 454 1883 501 Quoties
1910 454 2079 491 solebam

1083 510 1301 559 hujusmodi
1329 512 1450 560 palliis
1477 520 1575 548 totus
1602 513 1768 558 involvi,
1794 514 1912 550 foveri
1933 514 1969 549 in
1991 527 2078 550 cro-

1087 570 1186 606 ceis?
1206 574 1314 606 Nunc
1337 579 1461 606 autem
1484 578 1559 606 tota
1580 571 1640 606 die
1661 580 1784 607 mente
1811 573 2019 622 amplector
2043 581 2081 609 et

1084 640 1195 664 verso
1226 642 1309 677 quae
1334 629 1470 664 Paulus
1500 629 1703 665 arbitratur
1727 638 1768 665 ut
1793 639 1969 668 stercora.
1992 636 2081 669 Haec

1082 686 1226 732 dulcia,
1249 687 1326 723 haec
1349 688 1511 736 gloriosa
1536 688 1627 723 mihi
1647 689 1760 736 pallia
1782 690 1969 735 tulerunt,
1987 705 2081 727 one-

1081 759 1166 783 rosa
1198 746 1416 782 induerunt.
1443 746 1603 793 Quando
1636 747 1714 783 haec
1743 749 1922 785 tollentur
1951 764 1972 786 a
1998 754 2080 787 me?

1080 806 1233 855 quando
1263 805 1455 854 projiciam
1486 806 1587 850 haec,
1618 806 1647 842 si
1674 815 1796 842 tamen
1824 807 2010 856 projicere
2031 810 2080 845 li-

1080 867 1165 902 cet?
1195 865 1298 902 Felix
1330 864 1430 910 dies,
1460 877 1536 913 quo
1558 865 1629 901 hoc
1656 873 1791 901 exutus
1815 874 1851 901 et
1885 867 2082 915 expeditus

1080 925 1217 974 pallio,
1246 923 1424 960 liberiore
1452 937 1522 960 vos
1547 924 1593 960 ad
1623 924 1961 972 congratulandum
1991 926 2083 967 mihi

1086 982 1256 1020 invitabo
1298 984 1458 1028 affectu,
1488 983 1571 1018 filiae
1609 984 1838 1027 Jerusalein3
1876 997 1960 1020 cum
1988 998 2081 1030 vos,

27 1045 196 1092 langueo.
229 1046 335 1080 Tunc
367 1043 524 1092 gloriata
567 1043 613 1079 de
654 1056 763 1079 novae
791 1052 827 1080 et
862 1045 1020 1080 insolitae
1039 1050 1063 1082 B
1085 1057 1168 1092 quae
1199 1043 1289 1079 nihil
1313 1043 1402 1079 estis
1427 1050 1592 1092 expertae
1615 1042 1832 1090 hujusmodi
1853 1044 1963 1092 quale
1983 1057 2084 1080 nunc

27 1101 236 1138 dulcedinis
272 1110 404 1151 gustu,
435 1103 527 1139 filias
561 1104 766 1140 Jerusalem
801 1103 846 1140 ad
886 1104 1022 1153 gratias

29 1162 213 1210 agendum
233 1163 387 1207 invitat,
409 1171 445 1200 et
466 1176 533 1199 suo
550 1165 670 1212 gentis
687 1173 883 1201 consortes
900 1176 1024 1200 exem-

29 1221 94 1270 plo
122 1221 303 1258 sollicitat.
319 1221 418 1258 Audi
446 1221 608 1271 denique
633 1222 724 1271 quid
753 1223 814 1259 tali
845 1223 1024 1259 sollicita-

30 1280 130 1317 tione
166 1289 379 1330 provocatae
410 1281 692 1331 respondeant:
722 1284 858 1328 Qualis
881 1292 935 1318 est
961 1285 1019 1317 di-

31 1342 141 1376 lectus
177 1345 283 1377 tuus?
318 1350 352 1376 et
387 1355 595 1389 quaeremus
633 1356 712 1377 eum
737 1351 865 1379 tecum.
908 1342 1021 1379 Vides

30 1399 223 1448 quomodo
238 1399 440 1449 participes
456 1400 542 1436 fidei
556 1399 670 1448 hujus
686 1409 722 1437 et
739 1401 920 1438 doctrinae
941 1403 1022 1438 fieri

29 1466 159 1505 gerant
188 1458 227 1494 in
257 1460 364 1495 votis.
393 1462 495 1495 Doce
519 1460 639 1508 qualis
664 1468 719 1496 est
740 1460 898 1497 dilectus
919 1469 1023 1504 tuus,

31 1524 68 1552 et
87 1529 299 1566 quaeremus
318 1530 403 1553 eum
427 1526 560 1554 tecum.
575 1521 646 1556 Fac
663 1532 730 1555 nos
747 1527 857 1555 tantae
872 1532 1024 1556 consor-

34 1582 88 1611 tes
115 1576 262 1624 gratiae,
287 1584 327 1612 ut
348 1577 541 1624 quaerendi
562 1578 686 1614 studio
709 1579 846 1615 amoris
866 1579 1024 1628 incipia-

34 1646 117 1670 mus
143 1634 277 1670 assectu
305 1635 495 1683 languere.
525 1636 688 1672 Sufficiat
716 1637 1025 1687 interpretatione

34 1693 191 1741 mystica
208 1693 287 1730 haec
306 1694 567 1742 perstrinxisse
583 1694 761 1732 breviter.

87 1752 122 1788 6.
152 1756 234 1789 Jam
264 1753 311 1788 ad
336 1753 373 1788 id
397 1753 610 1800 redeamus,
632 1754 739 1803 cujus
763 1769 808 1792 ex
829 1756 1026 1792 occasione

1087 1102 1245 1151 deploro
1258 1129 1267 1147 ‚
1284 1114 1353 1150 pro
1371 1109 1553 1137 renovato
1571 1101 1609 1136 in
1628 1100 1735 1136 vobis
1748 1102 1886 1137 amoris
1903 1102 2085 1151 languore

1089 1163 1224 1212 gratias
1253 1161 1434 1198 reseretis.
1464 1161 1578 1198 Miser
1607 1161 1760 1209 quidem
1789 1169 1845 1197 est
1866 1162 1930 1210 qui
1951 1161 2087 1210 hujus-

1091 1221 1193 1257 modi
1221 1221 1335 1270 pallio
1365 1221 1570 1270 spoliatus,
1601 1233 1763 1256 moerore
1785 1228 1822 1256 et
1842 1221 2011 1258 molestia
2032 1229 2087 1256 ta-

1091 1279 1229 1326 bescit,
1250 1293 1326 1316 non
1347 1281 1497 1328 languet
1515 1292 1654 1315 amore.
1671 1283 1761 1327 Quae
1782 1292 1920 1327 sponsa
1937 1288 2013 1325 est,
2034 1280 2087 1316 sic

1085 1340 1243 1388 spoliata
1265 1339 1325 1375 vel
1351 1339 1478 1374 officio
1505 1337 1770 1374 sollicitudinis
1786 1366 1795 1382 ‚
1816 1339 1874 1374 vel
1900 1351 1989 1384 usu,
2008 1351 2085 1374 non

1088 1398 1234 1435 fastidio
1267 1399 1438 1447 languet,
1468 1397 1532 1434 sed
1561 1399 1698 1434 amoris
1729 1398 1867 1434 studio.
1890 1398 1980 1434 Ideo
2005 1399 2086 1447 ipsa

1089 1458 1177 1494 alias
1196 1457 1242 1493 ad
1265 1457 1579 1507 congaudendum
1599 1457 1670 1493 sibi
1688 1465 1725 1493 et
1743 1457 1878 1507 gratias
1897 1457 2085 1507 agendum

1088 1517 1224 1553 dilecto
1245 1526 1388 1553 exorat.

1144 1577 1178 1613 7.
1211 1577 1373 1613 Ecclesia
1388 1576 1579 1626 primitiva
1596 1590 1678 1613 cum
1697 1585 1880 1625 quaereret
1896 1576 2085 1614 Christum

1090 1636 1127 1672 in
1149 1636 1298 1681 Judaea,
1323 1637 1507 1685 repulsam
1530 1649 1656 1685 passa,
1675 1649 1751 1672 non
1773 1636 1929 1672 invento
1949 1637 1984 1672 ei
2003 1637 2086 1672 loco

1091 1695 1131 1731 in
1151 1696 1222 1740 eis,
1242 1708 1318 1731 non
1339 1695 1496 1731 invento
1520 1695 1572 1731 ibi
1594 1699 1680 1731 Jesu
1695 1723 1704 1740 ‚
1726 1696 1897 1731 transivit
1914 1695 1961 1731 ad
1981 1697 2086 1733 Gen-

1091 1762 1145 1791 tes
1169 1769 1176 1790 :
1199 1754 1371 1803 quaesivit
1395 1754 1433 1789 in
1455 1754 1528 1799 eis,
1550 1754 1699 1790 vocavit
1715 1782 1724 1799 ,
1748 1762 1783 1790 et
1808 1754 1843 1789 in
1865 1755 1992 1790 multis
2010 1767 2086 1789 non

34 1810 73 1847 in
93 1811 191 1847 hunc
210 1825 338 1849 sumus
359 1812 482 1848 locum
501 1813 665 1862 delapsi,
684 1814 772 1851 dum
792 1815 903 1851 ablati
922 1816 1025 1864 pallii
1046 1821 1072 1857 C
1092 1815 1257 1858 invenit,
1277 1827 1352 1849 non
1374 1814 1518 1862 accepit
1534 1826 1755 1862 responsum
1768 1841 1776 1857 ‚
1798 1814 1867 1849 nisi
1886 1814 2015 1850 mortis
2033 1826 2088 1850 re—

35 1871 232 1907 utilitatem
265 1873 518 1920 exposuimus,
556 1877 646 1910 Nam
676 1873 762 1910 inde
793 1882 848 1910 est
877 1883 1025 1923 sumpta

36 1930 183 1966 occasio
205 1930 306 1978 quod
328 1932 378 1967 ait
402 1945 410 1967 :
435 1934 606 1967 Tulermzt
620 1935 779 1980 pallium
798 1946 928 1968 meum.
945 1936 1026 1969 Hae-

37 2001 185 2025 reamus
215 1989 338 2026 adhuc
364 1991 558 2039 paululum
586 1991 655 2027 lioc
679 1992 716 2027 in
742 1992 843 2037 loco,
864 1993 1028 2041 explice-

39 2061 120 2084 mus
147 2048 219 2085 hoc
247 2050 414 2098 pallium.
437 2053 518 2086 Non
551 2059 606 2087 est
631 2051 729 2086 enim
765 2051 923 2100 simplex
948 2052 1029 2100 pal—

37 2107 153 2152 lium,
184 2121 260 2157 quo
294 2109 402 2145 etiam
428 2118 564 2146 sanctae
595 2119 736 2146 mentes
764 2111 1024 2146 involvuntur.

37 2169 102 2203 Est
118 2167 216 2203 enim
232 2167 379 2216 diplois,
395 2168 432 2204 id
446 2177 515 2212 est,
532 2169 671 2217 duplex
686 2170 853 2216 pallium,
874 2169 1028 2218 fortasse

38 2233 75 2262 et
93 2226 246 2275 triplex,
262 2235 298 2262 et
317 2226 566 2276 quadruplex.
585 2230 686 2274 Quot
703 2226 810 2262 vobis
828 2226 1028 2275 palliorum

37 2296 174 2333 genera
201 2285 490 2334 proposuimus?
513 2290 569 2321 An
596 2277 672 2321 non
699 2284 820 2321 adhuc
850 2298 963 2333 grave
993 2294 1029 2321 et

39 2354 238 2378 onerosum
264 2343 352 2378 satis
377 2351 432 2379 est
455 2343 606 2392 pallium
629 2344 836 2379 animarum
865 2357 972 2388 cura,
993 2352 1029 2380 et

38 2401 341 2438 administrandae
364 2402 591 2438 necessitatis
616 2402 854 2438 sollicitudo?
874 2403 1029 2451 Propria

38 2459 278 2496 incommoda
293 2461 506 2509 expressius
523 2461 668 2509 loquar.
686 2461 780 2498 Novi
795 2460 885 2510 quid
901 2462 946 2497 sit
963 2461 1033 2497 boc

41 2518 154 2567 pallio
178 2518 319 2567 premi,
344 2532 455 2567 quam
483 2528 649 2556 arentem
678 2521 830 2556 sortitus
851 2533 931 2556 sum
955 2528 1032 2556 ter-

1091 1885 1283 1921 sponsum.
1307 1872 1480 1920 Denique
1501 1885 1519 1908 a
1545 1872 1779 1920 principibus
1799 1872 1911 1921 hujus
1934 1873 2062 1909 mundi
2077 1902 2087 1918 ,

1091 1932 1195 1979 quasi
1216 1930 1436 1967 custodibus
1457 1931 1617 1967 civitatis
1631 1959 1640 1976 ,
1662 1931 1857 1979 quomodo
1877 1933 2085 1977 vulnerati,

1092 1990 1238 2039 spoliati
1257 1989 1366 2025 bonis
1378 2018 1386 2034 ‚
1409 1990 1535 2025 laniati
1552 2002 1712 2038 corpore
1725 2018 1734 2035 ,
1752 1990 1874 2025 carnis
1893 2002 1968 2026 suae
1985 1991 2089 2027 exuti

1094 2049 1207 2098 pallio
1234 2049 1270 2084 in
1296 2049 1409 2084 initiis
1435 2057 1618 2096 martyres
1642 2049 1787 2084 nostri?
1807 2052 1910 2085 Inter
1931 2058 2031 2085 tanta
2051 2058 2089 2085 et

1095 2117 1148 2144 tot
1170 2108 1325 2143 flumina
1345 2116 1380 2144 et
1399 2108 1562 2156 gurgites
1583 2116 1857 2144 tormentorum
1880 2121 1955 2144 non
1975 2117 2029 2145 est
2050 2109 2089 2144 in

1093 2169 1146 2203 eis
1166 2169 1349 2203 exstincta
1369 2168 1542 2211 charitas,
1556 2167 1619 2202 sed
1642 2168 1756 2216 magis
1777 2178 1979 2217 augmento
1998 2183 2092 2218 quo-

1094 2227 1179 2262 dam
1211 2225 1439 2274 languebant
1467 2227 1617 2262 amoris.
1649 2227 1865 2263 Jucundum
1896 2229 2007 2277 plane
2034 2230 2091 2264 vi-

1096 2284 1227 2330 detur,
1252 2297 1298 2320 ex
1326 2285 1499 2333 praesenti
1521 2286 1717 2321 occasione
1738 2285 1862 2331 verbi,
1882 2296 2089 2335 martyrum

1096 2343 1194 2379 iuter
1221 2351 1275 2378 tot
1303 2343 1546 2379 vexationum
1567 2352 1604 2379 et
1627 2345 1758 2380 mortis
1776 2358 1913 2394 genera
1933 2346 2094 2382 cliarita-

1097 2409 1170 2436 tem
1205 2401 1426 2437 indefessam
1459 2402 1646 2447 recolere3
1677 2403 1872 2451 quomodo
1904 2405 2096 2452 passiones

1099 2461 1269 2509 corporis
1293 2461 1466 2510 passione
1492 2461 1691 2497 intrinseca
1710 2461 1969 2511 temperabant
1987 2477 2096 2499 amo-

1099 2519 1160 2555 ris.
1181 2523 1271 2556 Nam
1291 2520 1320 2555 si
1341 2521 1387 2555 ad
1407 2520 1491 2556 illos
1507 2520 1606 2556 liunc
1626 2521 1749 2557 locum
1769 2521 1929 2565 reseras,
1950 2536 2025 2558 non
2043 2531 2099 2559 est

42 2589 140 2620 ram,
168 2585 206 2612 ct
234 2577 428 2613 ficulneam
459 2579 636 2614 sterilem.
664 2582 745 2615 Jam
776 2579 882 2615 multi
914 2579 1030 2628 elapsi
1050 2586 1081 2619 D
1098 2579 1259 2626 querclae
1273 2608 1282 2623 ,
1304 2578 1367 2615 sed
1387 2580 1514 2628 gloria:
1535 2593 1608 2616 vox
1631 2581 1718 2624 ista,
1734 2593 1809 2628 qua
1830 2580 1960 2617 dicunt
1980 2597 1987 2617 :
2007 2585 2100 2617 Per-

43 2643 131 2671 sunt
148 2636 254 2681 anni,
272 2636 374 2685 quod
391 2637 527 2682 venio,
549 2638 624 2673 imo
647 2646 747 2682 asto,
767 2651 938 2687 quaerens
956 2639 1034 2674 fru-

44 2702 142 2731 ctum
169 2695 206 2730 in
232 2708 295 2739 ca,
322 2704 359 2731 et
383 2709 457 2732 nou
485 2696 649 2733 invenio.
677 2698 832 2744 Quoties
854 2709 938 2746 spes
964 2710 1034 2732 no-

45 2762 138 2789 stras
154 2753 285 2799 elusit,
307 2762 343 2790 et
368 2754 496 2790 fefellit
515 2768 692 2804 operam,
716 2755 1032 2804 exspectationem

46 2821 212 2849 nostram
234 2813 446 2850 frustravit?
462 2817 552 2850 Jurc
568 2827 769 2850 onerosum
789 2814 860 2850 hoc
878 2814 1031 2863 pallium

46 2872 151 2916 dico,
173 2881 209 2908 et
230 2886 275 2909 eo
305 2873 418 2921 magis
443 2886 664 2918 onerosum,
686 2887 761 2923 quo
787 2874 908 2910 miuus
927 2875 1032 2911 utile.

46 2934 138 2968 Nam
160 2944 274 2968 onera
294 2932 554 2969 sollicitudinis
572 2933 711 2969 leviora
727 2941 834 2977 sunt,
851 2946 935 2981 quae
951 2946 1035 2982 pro-

46 2999 228 3027 ventuum
249 2991 345 3027 levat
364 2991 526 3028 ubertas.
546 2996 608 3029 Vae
627 2993 738 3038 mihi,
756 2993 860 3042 quod
880 2994 1037 3029 invene-

48 3057 138 3085 runt
157 3062 215 3085 mc
238 3049 409 3086 custodes
430 3051 606 3096 civitatis,
631 3053 734 3101 quod
761 3052 901 3101 aliquid
922 3053 956 3088 in
979 3065 1037 3088 me

50 3107 111 3143 tali
130 3106 282 3157 dignum
301 3121 415 3146 onere
432 3123 469 3146 se
486 3111 672 3148 invenisse
689 3120 930 3160 putaverunt.
950 3115 1038 3147 Per-

51 3176 245 3204 cusserunt
262 3181 338 3214 mc,
359 3169 654 3206 vulnerawerunt
672 3184 730 3206 nie
744 3198 753 3215 ,
774 3170 940 3206 tulerunt
957 3169 1037 3219 pal-

106 3292 322 3330 ¹1v1tegtu,
346 3296 395 3323 13.
413 3310 447 3314 -
477 3299 488 3314 ²
504 3298 583 3325 Gru.
602 3305 704 3323 xxxix
720 3298 787 3327 ,1ἶὲ

1100 2647 1288 2672 misserunt
1315 2652 1390 2680 mc,
1423 2641 1704 2673 vulneraverunt
1728 2652 1803 2682 me,
1833 2642 1995 2674 tulerunt
2012 2644 2100 2688 lm!-

1101 2699 1191 2732 Islllll
1225 2711 1345 2732 ΙῙῖίἸίῙῘΙ
1377 2700 1545 2732 custodes
1576 2711 1772 2733 Histrorum.
1806 2701 1860 2733 ΕΟ
1885 2698 1998 2733 [DOdO
2030 2712 2099 2734 UOS

1101 2764 1254 2806 oportet
1287 2770 1362 2792 non
1391 2770 1488 2804 :egi-e
1519 2757 1634 2800 serre,
1661 2757 1690 2792 si
1722 2757 1876 2805 quando
1909 2771 1975 2793 nos
2004 2771 2098 2807 spo—

1102 2815 1212 2859 liant,
1236 2816 1294 2851 vel
1318 2816 1483 2851 molt-sue
1507 2814 1789 2859 sollicitudinis,
1812 2815 1870 2851 vel
1892 2829 1967 2851 non
1990 2815 2099 2853 bonae

1102 2883 1165 2910 aut
1185 2874 1406 2923 periculosae
1431 2874 1588 2910 actionis
1602 2903 1610 2918 ,
1632 2887 1708 2922 quo
1730 2875 1854 2910 stricte
1871 2875 2102 2911 involvimur

1102 2933 1238 2982 pallio,
1267 2933 1441 2969 custodes
1470 2946 1677 2969 murorum.
1695 2934 1791 2970 Jecit
1818 2935 1916 2970 Elias
1944 2935 2099 2983 pallium

1104 2992 1192 3028 dum
1213 3001 1411 3041 raperetur
1428 2998 1434 3013 ¹
1457 3007 1463 3027 :
1483 2993 1575 3040 sugit
1592 2993 1731 3042 Josepli
1746 2992 1833 3029 dum
1855 2999 2068 3029 teneretur²
2088 3009 2096 3030 ε

1103 3065 1240 3101 sponsa
1264 3052 1344 3087 tulit
1364 3052 1453 3087 dum
1477 3053 1681 3088 tolleretur.
1705 3053 1852 3101 Speculi
1873 3061 1909 3088 et
1928 3053 2097 3102 imaginis

1105 3111 1275 3146 velamen
1304 3110 1460 3159 projecit
1483 3111 1579 3147 Elias
1597 3119 1726 3160 raptus
1742 3111 1788 3147 ad
1806 3111 1947 3147 faciem.
1966 3112 2096 3148 Mundi

1105 3177 1326 3205 ornamenta
1345 3170 1448 3206 velut
1466 3183 1597 3219 magna
1615 3183 1731 3206 onera
1750 3170 1842 3219 sugit
1861 3171 2002 3219 Joseph
2019 3184 2101 3206 scu-
