2504 3928
273 262 340 296 531

1060 264 1327 299 GUILLELMI
1361 267 1385 297 A
1395 264 1555 297 noxiis

2245 265 2319 302 532

272 336 398 371 videri·
414 336 618 379 desiderat,
634 335 719 383 quia
734 344 832 370 aniat
848 349 854 370 t
869 335 1030 375 charitas
1046 338 1133 385 quia
1151 338 1322 384 vidct,'²·‘¹'
1334 347 1369 373 ce
1391 352 1502 386 quam
1524 339 1730 382 jucundum
1761 338 1933 373 habitare
1951 338 2089 385 fratres
2119 343 2156 374 ιή
2185 345 2321 376 unum!

272 403 383 430 uniat.
408 398 489 443 Ipsa
510 393 608 428 cuim
631 402 686 429 cst
706 394 859 439 oculus,
880 408 955 443 quo
976 396 1124 433 videtur
1148 401 1258 434 Deus.
1280 400 1307 433 Α
1330 397 1421 444 Quia
1445 397 1540 433 sieut
1564 410 1631 446 pcr
1660 405 1809 444 gustum
1834 397 1907 433 vita
1928 396 2209 434 administratur
2234 412 2321 435 eor-

274 452 392 489 llalict
415 453 513 488 enim
536 452 658 487 anima
675 453 786 489 etiam
803 466 933 490 sensus
951 468 1059 500 suos,
1078 455 1189 492 liabct
1211 457 1265 493 vi-

271 525 351 546 sum
374 524 482 546 suum
511 511 567 546 vcl
595 511 766 556 oculum,
792 513 856 561 qui
878 512 980 549 videt
1006 517 1140 551 Deum.
1165 515 1266 553 Sicut

268 571 367 606 0111111
389 583 528 618 corpus
544 569 654 606 habet
670 584 757 607 suos
772 572 941 621 quinque
957 586 1087 609 sensus
1099 602 1108 619 ,
1129 574 1266 622 quibus

269 629 402 664 animze
421 628 676 677 conjungitur,
696 631 770 666 vita
788 631 975 668 mediante
994 648 1001 668 :
1023 633 1074 669 sic
1089 642 1125 670 et
1143 636 1264 671 anima

267 702 355 724 suos
371 689 539 738 quinque
554 703 684 727 sensus
701 690 812 727 liabet
826 720 834 735 ,
857 692 994 741 quilius
1013 697 1090 730 Deo
1105 694 1261 743 conjun-

269 749 381 797 gitur,
399 749 584 786 mediante
601 749 792 788 charitate.
808 751 918 789 Unde
935 753 1023 789 dicit
1036 755 1260 803 Apostolus:

273 810 394 844 Nolite
421 808 648 856 conformari
668 812 752 846 huic
768 815 926 856 sa’culo,
949 815 1018 848 sed
1033 819 1264 850 renovamini

269 869 426 904 novitate
441 882 567 904 sensus
588 875 700 905 vestri
710 898 719 915 ,
740 881 779 906 ut
791 871 954 919 probetis
968 886 1055 920 qua:
1071 877 1118 908 sit
1138 876 1262 909 vulun-

267 938 324 963 tas
345 931 414 963 Dei
431 929 544 973 bona,
563 939 597 965 ct
617 930 863 979 beneplacens
877 961 887 977 ‚
910 941 946 967 et
958 932 1127 981 perfecta
1146 940 1169 969 ¹.
1196 935 1263 970 Hic

268 988 482 1025 ostenditur
511 990 599 1038 quia
624 1003 692 1039 per
718 1004 848 1027 sensus
875 992 1045 1041 corporis
1067 993 1266 1029 veterasci-

270 1060 352 1083 mus
364 1076 373 1092 ,
393 1056 429 1084 et
448 1048 535 1084 huic
550 1050 688 1085 szeeulo
703 1051 984 1087 conformamur
1002 1066 1009 1087 :
1032 1064 1099 1100 per
1115 1065 1263 1089 sensum

1331 456 1452 505 poris;
1474 456 1523 491 sic
1544 456 1595 492 illi
1624 458 1812 492 mandavit
1830 459 2006 492 Dominus
2032 455 2321 494 benedictionem

1331 524 1365 550 vt
1382 520 1537 551 vitamfl.
1560 518 1700 552 Gustus
1715 515 1825 551 etiam
1842 516 1928 552 licet
1948 516 2194 565 corporaliter
2214 530 2322 554 exer-

1331 583 1481 619 ceatur,
1503 587 1675 624 saporem
1699 583 1820 611 tamen
1843 575 2030 612 introrsus
2052 584 2224 624 generat,
2245 591 2321 626 quo

1329 633 1452 669 anima
1475 634 1634 670 aflicitur
1658 649 1665 670 :
1697 642 1855 684 propter
1874 634 1974 683 quod
1995 636 2204 684 corporalis
2234 637 2321 685 qui-

1331 692 1415 729 dem
1440 694 1600 729 maxime
1631 694 1688 730 liic
1719 706 1869 738 sensns,
1900 693 1964 729 sed
1998 702 2120 730 tamen
2141 707 2187 731 ex
2218 703 2322 744 parte

1331 752 1454 800 aliqua
1474 753 1583 788 etiam
1605 753 1774 789 animalis
1797 766 1875 789 0550
1898 752 2180 802 comprobatur.
2202 755 2260 791 Sic
2287 762 2324 790 et

1331 825 1437 848 amor
1456 812 1625 859 socialis,
1650 813 1736 862 quia
1765 827 1808 849 ex
1832 813 2019 862 corporali
2046 813 2323 858 cohabitatione

1332 871 1368 906 in
1391 884 1527 917 unum,
1549 885 1595 908 ex
1616 872 1861 909 similitudine
1879 872 2174 922 professionum,
2194 888 2239 910 ex
2261 887 2324 923 pa-

1333 930 1467 966 rilitate
1502 931 1736 977 studiorum,
1768 931 1924 980 aliisque
1955 931 2172 980 hujusmodi
2204 933 2324 969 causis

1330 989 1622 1034 confoederatur,
1642 991 1856 1039 mutuisque
1876 991 2010 1027 ofliciis
2027 991 2228 1035 enutritur,
2249 1005 2323 1027 ma-

1333 1049 1430 1085 xime
1451 1050 1621 1087 animalis
1643 1063 1722 1087 esse
1744 1050 1903 1086 videtur.
1933 1049 2003 1087 Sed
2029 1058 2152 1086 tamen
2177 1064 2223 1086 ex
2245 1063 2325 1086 ma-

269 1120 361 1143 vero
384 1108 522 1144 mentis
555 1121 784 1145 renovamur
808 1110 843 1146 in
873 1110 1100 1158 agnitionem
1123 1111 1211 1156 Dei,
1234 1112 1268 1148 in
1287 1113 1313 1146 B
1331 1122 1401 1154 gna
1425 1117 1530 1158 parte
1546 1118 1582 1146 et
1603 1110 1808 1158 spiritualis
1827 1117 1900 1154 051,
1920 1109 2007 1158 quia
2027 1109 2123 1146 sicut
2143 1122 2254 1159 sapor
2270 1117 2326 1146 est

270 1167 474 1203 novitatem
495 1168 599 1212 vitae,
621 1168 829 1205 secundum
847 1170 1079 1206 voluntatem
1101 1178 1135 1206 01
1152 1169 1263 1206 bene-

270 1226 449 1275 placitum
469 1227 549 1264 Dei.
568 1228 742 1277 Quinque
763 1229 863 1264 enim
888 1237 975 1265 sunt
995 1230 1168 1278 corporis
1183 1243 1265 1267 sen-

269 1298 332 1321 sus
350 1286 529 1322 animales
550 1288 607 1322 vel
631 1288 848 1337 corporales
862 1316 871 1332 ,
892 1287 1028 1336 quibus
1049 1289 1171 1325 anima
1187 1302 1265 1325 cor-

271 1357 342 1393 pus
364 1358 472 1381 suum
492 1347 679 1383 sensilicat
699 1362 706 1383 :
727 1347 794 1396 (ut
812 1347 859 1383 ab
880 1348 1049 1383 inferiori
1070 1348 1265 1398 incipiam)

270 1412 389 1439 tactus
400 1433 408 1448 ,
424 1413 566 1452 gustus,
582 1405 775 1451 odoratus,
791 1406 953 1451 auditus,
966 1406 1078 1442 visus.
1089 1407 1267 1443 Similiter

269 1461 437 1510 quinque
459 1472 545 1498 sunt
575 1476 705 1499 sensus
725 1464 957 1512 spirituales,
977 1463 1116 1512 quibus
1141 1465 1263 1501 chari-

272 1529 325 1556 tas
347 1520 510 1556 vivilicat
527 1522 688 1557 animam
712 1537 718 1557 :
740 1522 776 1557 id
796 1530 874 1566 est,
901 1536 1007 1559 amor
1028 1524 1186 1560 carnalis
1205 1537 1266 1573 pa—

273 1586 444 1623 rentum,
473 1591 578 1614 amor
603 1579 770 1624 socialis,
801 1592 908 1616 amor
938 1581 1140 1627 naturalis,
1161 1594 1268 1618 amor

272 1637 497 1686 spiritualis,
520 1651 627 1674 amor
646 1638 726 1675 Dei.
750 1642 820 1675 Per
839 1640 1007 1689 quinque
1031 1652 1161 1676 sensus
1179 1654 1266 1677 cor-

274 1697 376 1745 poris
390 1725 398 1741 ,
421 1697 609 1734 mediante
634 1697 707 1733 vita
724 1726 732 1743 ‚
759 1711 898 1748 corpus
918 1699 1052 1735 animae
1072 1698 1267 1749 conjungi—

275 1765 359 1791 tur:
383 1770 450 1806 per
469 1757 638 1806 quinque
667 1770 800 1794 sensus
819 1758 1054 1807 spirituales,
1079 1759 1266 1796 mediante

273 1815 471 1861 charitate,
494 1816 616 1853 anima
642 1820 720 1853 Deo
741 1818 989 1855 consociatur.

624 1950 801 1988 CAPUT
831 1951 924 1989 VII.

338 2056 511 2097 supradicti
529 2068 649 2088 amores
665 2058 802 2099 quinque
817 2058 958 2089 sensibus
974 2065 1202 2101 comparantur.

328 2177 383 2211 115.
401 2177 529 2211 'sactui
549 2186 791 2226 comparatur
807 2175 914 2214 amor
936 2187 1134 2227 parentum
1158 2194 1164 2214 :
1184 2179 1271 2227 quia

275 2234 430 2269 affectus
460 2235 527 2270 istc
560 2244 760 2284 promptus
787 2236 988 2281 omnibus,
1019 2245 1055 2273 01
1086 2238 1271 2286 quodam-

277 2293 388 2329 modo
406 2306 557 2341 grossus
574 2302 609 2330 ct
630 2294 829 2343 palpabilis
845 2324 853 2339 ‚
875 2296 927 2331 sic
949 2309 987 2332 50
1008 2296 1184 2333 omnibus
1203 2310 1271 2333 na-

276 2352 384 2387 turali
413 2352 576 2399 quodam
611 2366 766 2389 occursu
801 2353 945 2402 pra-bet
975 2363 1010 2390 01
1044 2355 1200 2402 ingerit,
1232 2363 1271 2390 ut

276 2411 441 2457 effugere
462 2424 545 2446 cum
568 2424 642 2447 non
662 2413 801 2460 possis,
825 2414 934 2449 etiam
955 2413 982 2449 si
1001 2414 1107 2450 velis.
1137 2418 1270 2450 Tactus

275 2469 374 2503 0111111
402 2482 534 2505 sensus
556 2478 610 2505 051
643 2479 741 2506 totus
759 2473 983 2520 corporalis,
1007 2473 1070 2521 qui
1093 2486 1138 2509 ex
1169 2487 1268 2522 quo-

278 2526 455 2563 rumlibet
483 2542 687 2577 corporum
711 2530 976 2578 conjunctione
997 2532 1216 2577 conlicitur3
1238 2533 1267 2568 si

277 2596 399 2621 taint-n
433 2601 548 2623 unum
579 2602 735 2633 eorum,
763 2598 825 2625 aut
852 2599 1054 2639 utrumque
1076 2591 1194 2636 vivat,
1229 2600 1268 2627 ut

279 2655 396 2681 tactus
410 2660 488 2682 0550
505 2647 632 2696 possit.
649 2648 750 2685 Sicut
766 2649 864 2686 enim
881 2664 1036 2699 quoquo
1053 2659 1086 2687 te
1101 2651 1268 2695 verteris,

276 2719 412 2754 corpus
433 2714 536 2741 tuum
555 2720 628 2742 non
646 2716 770 2756 potest
791 2722 869 2744 esse
885 2709 964 2745 sine
984 2717 1083 2746 tactu
1103 2724 1109 2745 :
1132 2709 1182 2745 sic
1201 2722 1268 2746 nec

276 2763 398 2799 anima
432 2773 490 2799 tua
522 2765 601 2800 sinc
632 2765 701 2801 lioc
730 2767 878 2803 affeetu.
915 2770 1074 2817 Propter
1097 2768 1198 2817 quod
1231 2768 1267 2804 in

274 2823 473 2871 scripturis
487 2837 592 2860 amor
607 2824 674 2861 iste
691 2839 764 2861 non
782 2826 938 2862 multum
958 2827 1265 2873 commendatur,

279 2884 353 2918 imo
372 2897 416 2918 nc
437 2884 482 2918 sit
506 2885 642 2920 nimius
662 2894 877 2930 coercetur,
905 2886 1053 2923 dicente
1077 2887 1239 2923 Domino
1260 2902 1267 2923 :

274 2944 313 2976 ss
327 2947 406 2989 quis
424 2957 496 2977 nou
512 2946 590 2978 mli!
601 2954 744 2990 pall-(nn
759 2959 864 2980 ,suam
876 2975 886 2989 ‚
903 2955 968 2981 aut
983 2956 1135 2982 matrem
1147 2960 1267 2990 snam,

277 3016 346 3035 'mn
360 3012 482 3049 pult-sl
499 3017 598 3037 mem
616 3018 694 3037 csse
708 3007 913 3052 discipulus
927 3012 952 3041 κ.

338 3062 391 3096 17.
408 3062 580 3097 Secundo
595 3063 716 3108 gustui
733 3073 973 3112 comparatur
988 3077 1093 3100 amor
1110 3064 1268 3110 socialis,

279 3134 383 3155 ¹uuor
406 3121 613 3165 fraternus,
640 3136 746 3158 amor
775 3131 911 3159 sanctre
931 3132 965 3159 ct
990 3123 1180 3159 catliolicae
1202 3127 1270 3160 Ec.-

280 3179 417 3222 vlo-sia„
435 3180 573 3229 dequo
594 3182 771 3230 scriplum
791 3190 843 3217 cst
864 3198 870 3218 ε
894 3184 989 3217 licre
1005 3197 1118 3230 quam
1137 3183 1268 3219 boman

330 3310 443 3336 *lium
462 3318 520 3340 xii.
554 3313 572 3337 ’.

655 3311 735 3337 ‘lw-
767 3320 832 3339 xix.
852 3314 901 3337 ¹1⁶3.
984 3310 1071 3339 ’i'sal
1104 3321 1111 3335 1
1127 3321 1231 3339 xxxii.

369 3365 481 3395 &ddunt
502 3366 550 3395 ,1111
574 3379 657 3409 nvllo
686 3379 714 3395 τι(
735 3380 779 3392 «ιιι
794 3365 874 3395 ulam
971 3361 983 3381 '¹
1010 3369 1101 3398 thas,
1123 3368 1253 3406 fragras,

1336 1168 1370 1203 in
1386 1177 1494 1216 gustu
1507 1196 1517 1212 ‚
1533 1169 1585 1205 sic
1602 1169 1757 1205 affectus
1775 1169 1946 1205 fraternae
1964 1168 2152 1205 charitatis
2170 1166 2325 1217 ssagrat¹¹

1337 1227 1371 1262 in
1396 1227 1531 1263 aflectu
1545 1255 1555 1273 ,
1578 1227 1624 1263 de
1644 1241 1720 1277 quo
1736 1228 1916 1277 scriptum
1937 1236 1992 1264 est
2013 1242 2019 1262 :
2045 1230 2325 1276 .S'1'‹·ut11ngue11-

1331 1295 1406 1321 mm
1427 1291 1464 1321 iu
1486 1291 1628 1334 eapite,
1652 1290 1756 1335 qtcml
1770 1290 1958 1323 descendit
1983 1292 2020 1322 in
2047 1286 2217 1331 barbam,
2239 1286 2325 1323 bar—

1332 1344 1415 1380 bam
1438 1350 1564 1381 Aaron
1575 1360 1588 1389 ;
1607 1349 1706 1394 qaod
1725 1349 1917 1382 descendit
1935 1351 1972 1382 in
1992 1360 2095 1381 oram
2117 1350 2327 1382 vestitnenti

1333 1409 1413 1447 ejus
1426 1432 1436 1448 ,
1457 1408 1550 1439 sicut
1564 1417 1621 1439 ros
1641 1407 1801 1440 Hermon
1820 1410 1885 1452 qui
1903 1407 2094 1440 dtu-cendit
2113 1409 2150 1440 in
2167 1414 2324 1441 montem

1334 1461 1459 1498 .§·1·nn³.

1391 1523 1446 1558 18.
1471 1522 1596 1559 Tertio
1617 1522 1726 1559 odori
1750 1531 1993 1572 comparatur
2011 1536 2117 1559 amor
2135 1524 2326 1569 naturalis,

1333 1581 1398 1629 qui
1418 1581 1639 1618 naturaliter
1660 1595 1704 1617 cx
1724 1582 1842 1630 ipsius
1863 1590 2007 1618 naturae
2028 1581 2271 1618 similitudine
2291 1591 2328 1618 et

1332 1641 1524 1678 consortio
1560 1640 1702 1690 absque
1736 1641 1841 1678 omni
1870 1654 1935 1691 spe
1969 1641 2330 1691 recompensationis

1332 1713 1480 1737 omnem
1496 1700 1687 1737 hominem
1705 1700 1825 1749 diligit
1843 1715 1850 1737 :
1869 1701 1934 1750 qui
1951 1713 1997 1737 ex
2013 1701 2170 1737 occultis
2186 1709 2328 1738 naturae

1333 1760 1539 1798 recessibus
1560 1761 1732 1806 veniens,
1760 1769 1795 1797 et
1824 1761 1957 1797 animae
1985 1774 2022 1797 sc
2044 1761 2217 1810 ingerens
2236 1761 2326 1797 1111111

1333 1820 1538 1857 humanum
1567 1820 1613 1857 ab
1633 1833 1678 1856 eo
1710 1820 1853 1869 patitur
1872 1833 1952 1856 esse
1981 1819 2158 1856 alienum.
2190 1822 2327 1857 Sensus

1290 1879 1315 1913 C
1336 1888 1458 1916 autem
1492 1881 1561 1916 1510
1592 1879 1708 1929 magis
1737 1879 1906 1916 animalis
1937 1892 2017 1916 esse
2041 1879 2188 1915 videtur
2214 1891 2326 1927 quam

1334 1940 1563 1989 corporalis,
1594 1940 1632 1976 id
1652 1948 1707 1976 est
1736 1939 1938 1984 odoratus,
1963 1939 2028 1988 qui
2048 1938 2094 1974 ad
2123 1938 2326 1975 creandum

1335 2011 1419 2035 011111
1437 1999 1595 2035 1111011115
1609 2011 1748 2048 corpus
1769 1998 1858 2034 nihil
1881 1999 1955 2046 agit
1975 2006 2113 2047 praeter
2134 1997 2253 2033 levem
2269 1998 2329 2033 in-

1337 2058 1532 2094 strumenti
1555 2057 1632 2102 sui,
1653 2056 1689 2092 id
1709 2065 1764 2093 est
1786 2057 1930 2092 narium
1951 2064 2170 2096 attracttnm
2189 2063 2227 2092 et
2245 2056 2329 2092 11001

1338 2117 1491 2154 haustus
1509 2130 1576 2166 per
1595 2130 1733 2166 corpus
1746 2145 1754 2161 ,
1777 2118 1937 2153 animam
1958 2125 2079 2153 tamen
2097 2115 2230 2161 afficit,
2251 2128 2328 2152 non

1339 2191 1486 2228 corpus.
1514 2179 1573 2215 Sic
1593 2187 1629 2214 01
1649 2191 1755 2214 amor
1779 2178 1957 2214 naturalis
1987 2178 2101 2226 magis
2123 2177 2329 2226 spiritualis

1338 2251 1416 2274 esse
1429 2238 1598 2282 videtur,
1617 2250 1727 2286 quam
1745 2237 1934 2282 animali53
1952 2236 2038 2285 quia
2055 2245 2191 2286 praeter
2207 2237 2327 2272 solum

1337 2297 1591 2333 connaturalis
1612 2296 1852 2332 humanitatis
1873 2304 2107 2344 respectum,
2135 2308 2212 2331 non
2233 2309 2328 2331 con-

1336 2356 1586 2403 sanguinitas,
1612 2368 1686 2391 non
1721 2355 1897 2399 societas,
1928 2368 1995 2390 nec
2017 2355 2141 2403 aliqua
2170 2354 2326 2390 omnino

1337 2413 1372 2448 in
1396 2427 1441 2449 eo
1463 2413 1698 2449 necessitudo
1719 2413 1936 2461 hujusmodi
1957 2412 2228 2450 consideratur.

1394 2474 1450 2509 19.
1479 2476 1622 2520 Quarto
1651 2471 1795 2508 auditui
1825 2481 2067 2522 comparatur
2088 2486 2195 2508 amor
2215 2473 2326 2523 spiri-

1336 2531 1462 2576 tualis,
1495 2545 1601 2567 amor
1628 2531 1882 2567 inimieorum.
1914 2531 2074 2568 Auditus
2103 2531 2200 2568 enim
2234 2532 2324 2568 niliil

1335 2590 1516 2636 interius,
1551 2590 1589 2627 id
1622 2599 1677 2626 est
1707 2591 1804 2626 intra
1836 2604 1974 2640 corpus
1988 2619 1997 2635 ‚
2032 2599 2229 2640 operatur,
2260 2590 2325 2627 scd

1288 2653 1317 2686 D
1339 2649 1502 2685 exterius
1521 2649 1822 2698 quodammodo,
1840 2650 1947 2687 idest
1965 2650 2010 2686 ad
2027 2663 2134 2686 aures
2154 2651 2324 2700 pulsans,

1334 2709 1494 2744 animam
1516 2717 1648 2745 evocat
1673 2717 1715 2744 ut
1736 2717 1845 2745 excat
1864 2718 1899 2745 et
1920 2709 2058 2746 audiat.
2079 2709 2137 2747 Sic
2163 2718 2200 2746 et
2220 2723 2326 2746 amo-

1336 2782 1412 2804 rem
1450 2768 1684 2804 inimicorum
1720 2768 1757 2804 in
1791 2768 1908 2805 corde
1941 2769 2041 2805 nulla
2073 2769 2128 2805 vis
2160 2777 2326 2815 naturae,

1337 2828 1462 2863 nullus
1486 2828 1644 2876 alicujus
1670 2829 1955 2865 necessitudinis
1977 2829 2130 2865 suscitat
2149 2829 2328 2874 affectus,

1335 2886 1399 2923 scd
1420 2887 1496 2923 sola
1521 2886 1734 2923 obedientia
1750 2916 1759 2932 ,
1781 2901 1864 2936 quae
1892 2901 1960 2937 per
1985 2887 2154 2924 auditum
2183 2888 2328 2938 signili—

1335 2954 1451 2982 catur.
1472 2946 1638 2994 Ideoque
1652 2959 1759 2982 amor
1773 2947 1839 2983 iste
1855 2947 2057 2996 spiritualis
2075 2947 2221 2983 dicitur.
2237 2946 2329 2984 Ideo

1336 3005 1445 3040 etiam
1473 3005 1559 3053 quia
1581 3004 1625 3040 ad
1649 3005 1727 3041 Filii
1753 3005 1819 3042 Dei
1842 3005 2148 3050 similitudinem,
2172 3014 2208 3041 et
2229 3005 2320 3042 filio-

1338 3077 1418 3100 rum
1443 3064 1509 3100 Dei
1532 3064 1677 3113 prolicit
1701 3063 1919 3112 dignitatem
1937 3093 1945 3109 ,
1965 3065 2113 3101 dicente
2133 3065 2296 3101 Domino
2318 3079 2326 3101 ε

1337 3122 1550 3171 chfarite
1568 3125 1621 3158 liis
1640 3128 1704 3172 qui
1722 3126 1875 3158 oderunt
1891 3138 1956 3158 vos
1969 3153 1978 3168 ,
2002 3134 2038 3159 11!
2053 3128 2132 3159 sitis
2147 3124 2229 3170 fille·
2249 3126 2326 3160 Pa·

1337 3188 1396 3218 (ris
1425 3187 1536 3219 reso-i
1560 3188 1622 3230 qui
1651 3187 1688 3218 iu
1717 3185 1821 3218 ralis
1849 3193 1926 3218 (ηιμ
1943 3212 1950 3226 ,
1972 3192 2004 3218 cl
2030 3183 2185 3232 reliqua.

1314 3309 1452 3340 inatlli.
1473 3321 1502 3343 v.
1527 3310 1632 3340 ἰ’1,’1.’·
