2418 3949
245 263 339 300 1397
896 265 1058 301 SERMO
1085 265 1136 299 IN
1163 265 1324 300 VERBA
1354 265 1631 301 SAPIENTIAE.
2190 269 2286 305 1398

236 339 408 377 Visitatio
432 340 548 375 sancti
577 338 748 389 Spiritus.
780 342 886 376 Hanc
911 339 977 375 tibi
1005 339 1144 376 auferri
1174 331 1271 375 in—'⁷⁰

1355 343 1371 376 1
1381 341 1414 377 7.
1431 341 1487 378 Ad
1503 342 1751 379 inveniendos
1766 343 1856 380 fines
1870 344 2061 393 sapientiae
2071 373 2080 390 ‚
2093 353 2135 381 ut
2152 358 2294 395 propo·

239 399 366 435 venies
393 411 462 447 per
485 398 679 448 propriam
703 398 949 434 voluntatem.
971 397 1101 435 Vende
1124 411 1229 444 eam,
1251 399 1282 433 A
1299 401 1461 447 suimus,
1488 411 1562 438 tres
1592 403 1786 452 posuimus
1816 404 2013 453 parabolas
2039 406 2291 454 evangelicas,

239 458 424 494 mandatis
447 458 515 494 Dei
541 457 741 506 diligenter
766 457 1001 504 obediendo,
1033 466 1071 494 et
1098 471 1168 507 pro
1192 470 1236 494 ea

237 519 406 554 invenies
423 518 536 553 vitam
555 526 743 554 aeternam.
762 517 863 554 Dicit
883 517 982 553 enim
1002 517 1148 555 Veritas
1169 532 1176 553 :
1196 518 1235 552 Si

237 583 297 614 vis
319 580 371 613 ml
387 583 507 613 vitam
529 582 677 622 venire,
701 591 804 613 serva
825 579 1009 613 mandata
1025 583 1048 613 ¹.

294 639 354 673 16.
390 640 485 673 Ecce
519 635 634 672 habes
666 636 936 672 continentiam
950 664 958 680 ‚
992 650 1067 686 qua
1082 642 1235 685 ‘corpus

238 704 343 732 tuum
359 695 550 744 possideas
564 696 601 731 in
619 696 910 732 sanctificatione
930 710 937 731 z
956 695 1072 732 habes
1088 695 1235 744 sapien-

237 755 324 791 tiam
338 784 347 800 ,
369 768 443 803 qua
462 759 543 791 Deo
563 755 710 804 placeas
729 756 764 791 in
786 755 1001 792 devotione.
1023 755 1149 792 Habes
1165 755 1234 791 ali-

236 814 327 863 quid
358 814 444 858 tibi,
463 813 580 850 habes
608 814 749 863 aliquid
776 818 856 851 Deo
879 815 970 852 :sed
1001 814 1093 863 quid
1118 813 1233 851 habes

236 874 437 924 proximo?
458 873 557 922 Quid
576 882 631 910 est
650 874 753 923 quod
778 874 868 910 dicit
888 875 1093 924 Apostolus
1117 888 1124 909 :
1151 876 1233 909 Sive

235 932 348 968 sobi-ii
361 946 482 968 sumus
491 961 500 976 ,
516 932 644 977 vobis,·
658 938 731 968 sive
751 935 981 977 excedimus,
998 936 1075 968 Deo
1085 939 1097 954 ²
1111 934 1126 969 Ρ
1139 932 1231 980 Qui-

236 991 308 1028 bus
332 992 523 1041 loquitur?
539 992 717 1029 Proximo
741 993 921 1041 loquitur.
943 993 1015 1040 Qui
1044 1005 1133 1040 ergo
1162 1005 1231 1028 ex·-

235 1065 381 1089 cessum
408 1065 517 1089 suum
538 1052 602 1088 dat
620 1056 700 1089 Deo
714 1081 723 1097 ,
739 1051 980 1088 sobrietatem
1007 1064 1111 1088 suam
1134 1063 1230 1100 pro-

1300 472 1457 507 easque,
1494 470 1608 509 prout
1638 462 1824 498 Dominus
1858 463 1978 509 dedit,
2013 465 2257 513 exposuimus
2284 481 2291 501 :

1300 518 1460 567 primam
1480 520 1526 555 de
1550 521 1742 567 thesauro,
1766 522 1966 558 secundam
1991 523 2037 559 de
2058 525 2290 573 margaritis,

1301 578 1446 614 tertiam
1483 578 1528 614 de
1566 592 1713 629 sagena.
1752 584 1833 617 Jam
1871 594 1959 618 vero
1997 581 2143 618 devicta
2181 591 2292 620 tantae

1299 637 1466 686 caliginis
1492 638 1696 684 densitate,
1731 648 1831 688 patet
1863 641 2058 689 quomodo
2097 644 2292 690 ¹Sapientia

1299 697 1457 746 attingat
1477 699 1595 745 afiue
1611 712 1725 746 usque
1747 702 1802 734 ad
1812 700 2106 747 finen1sm·titer.
2121 706 2214 739 Sane
2234 715 2293 737 se-

1298 757 1463 793 cundum
1483 757 1585 806 quod
1605 760 1874 807 processimus,
1888 760 2068 809 sapientia
2090 761 2194 809 quasi
2214 774 2293 797 me-

1299 815 1400 851 dium
1427 817 1551 853 locum
1576 825 1702 862 tenet,
1724 818 1866 855 habens
1889 819 1976 855 hinc
2002 820 2292 866 continentiam,

1298 874 1385 911 inde
1418 875 1724 914 misericordiam.
1755 879 1912 927 Attingit
1946 887 2069 915 antem
2102 879 2215 915 modo
2244 880 2289 916 ad

1298 933 1423 978 istam,
1447 934 1562 970 modo
1588 935 1634 970 ad
1662 936 1785 981 illam,
1813 937 2072 973 fortitudinem
2102 939 2292 988 utrimque

1298 993 1524 1030 ministrans.
1545 995 1710 1031 Luxuria
1737 995 1919 1044 siquidem
1949 997 2145 1046 impugnat
2169 999 2292 1034 conti-

1297 1052 1461 1088 nentiam
1473 1081 1481 1097 ,
1498 1054 1653 1089 avaritia
1673 1054 1982 1090 misericordiam.
2004 1056 2170 1091 Luxuria
2185 1056 2291 1105 flagi-

236 1112 362 1157 ximo,
381 1111 473 1160 qnid
500 1110 571 1147 sibi
601 1111 764 1147 retinet?
797 1112 968 1147 Charitas
999 1125 1072 1146 mm
1098 1115 1233 1158 quoerit
1248 1107 1277 1141 Β
1299 1111 1390 1147 tium
1411 1120 1485 1156 est,
1507 1113 1662 1148 avaritia
1683 1113 1887 1162 spiritualis
1906 1114 2085 1162 nequitia.
2110 1114 2220 1151 L'nde
2243 1115 2291 1151 il-

235 1185 325 1218 quoe
343 1184 412 1205 sua
433 1179 519 1206 sunt
530 1167 555 1206 ³.
574 1172 724 1218 Quare?
745 1170 840 1217 Quia
860 1182 937 1206 non
959 1178 1016 1206 est
1033 1182 1150 1219 egena
1164 1198 1173 1215 ,
1196 1178 1234 1206 et

235 1227 368 1274 habet,
397 1237 435 1265 et
460 1228 754 1279 superabundat.
778 1232 834 1265 Ita
862 1237 899 1265 et
925 1237 964 1265 tu
993 1241 1143 1265 necesse
1178 1237 1234 1265 est

235 1286 374 1324 habeas
388 1287 530 1337 aliquid
551 1287 598 1324 ad
618 1301 716 1337 opus
731 1288 917 1338 proximi,
938 1295 980 1324 ut
998 1287 1135 1337 probes
1150 1300 1234 1337 quae

235 1347 283 1384 sit
299 1347 475 1384 voluntas
497 1348 565 1383 Dei
586 1346 707 1391 bona,
730 1355 767 1383 et
787 1346 1060 1396 beneplacens,
1084 1355 1120 1382 ct
1141 1360 1233 1396 per-

236 1406 344 1442 secta.
372 1405 514 1442 Probas
540 1406 578 1442 in
598 1414 632 1441 te
654 1406 888 1442 voluntatem
910 1405 978 1442 Dei
1005 1405 1144 1442 bonam
1165 1418 1235 1455 per

234 1464 527 1509 continentiam3
547 1463 857 1514 beneplacentem
871 1493 881 1510 ‚
899 1477 967 1514 per
983 1465 1204 1514 sapientiam
1222 1479 1229 1501 :

235 1532 350 1560 restat
368 1532 409 1560 ut
430 1523 569 1573 probes
590 1524 793 1573 perfectam
815 1536 884 1573 per
905 1523 1198 1560 misericordiam
1223 1539 1231 1561 ε

234 1596 319 1632 quae
348 1583 500 1632 quidem
531 1583 763 1632 significatur
788 1597 856 1633 per
885 1596 1058 1632 sagenam
1081 1584 1230 1620 missam

235 1643 272 1678 in
304 1655 425 1688 mare,
445 1651 482 1679 ct
511 1655 555 1678 ex
586 1643 689 1678 omni
719 1655 855 1691 genere
883 1643 1043 1692 piscium
1071 1655 1231 1691 congre-

234 1709 384 1751 gantem
396 1702 423 1738 4.
464 1704 607 1751 Sagena
641 1701 827 1750 siquidem
862 1700 1128 1737 misericordiae
1164 1714 1233 1750 per

236 1775 337 1798 mare
367 1762 541 1798 fraternae
568 1760 756 1796 charitatis
776 1760 958 1805 trahitur,
981 1768 1019 1796 et
1046 1759 1169 1796 bonos
1195 1768 1234 1796 et

236 1822 354 1858 malos
374 1821 516 1871 pisces,
536 1820 574 1856 id
602 1829 676 1866 est,
695 1828 768 1857 tam
797 1833 942 1856 amaras
967 1833 1078 1869 quam
1105 1820 1234 1856 dulces

1297 1170 1363 1206 lud
1393 1171 1526 1206 vitium
1554 1172 1748 1220 corporis,
1782 1171 1882 1208 istud
1911 1172 2056 1207 animae.
2091 1172 2182 1208 Vide
2205 1174 2294 1222 qnia

1298 1230 1444 1266 nullum
1461 1238 1516 1267 est
1535 1239 1727 1280 peccatum
1744 1230 1847 1279 quod
1867 1231 1917 1266 ita
1936 1231 2110 1280 inquinet
2128 1245 2266 1281 corpus
2281 1261 2291 1277 ‚

1299 1289 1396 1326 sicut
1415 1289 1575 1325 luxuria.
1600 1290 1720 1324 Omne
1734 1291 1829 1324 euim
1843 1299 2040 1337 peccatum
2059 1289 2294 1338 quodfecerit

1299 1348 1406 1383 hamo
1420 1376 1432 1392 ,
1451 1357 1560 1383 extra
1580 1361 1708 1396 corpus
1729 1362 1833 1383 suum
1851 1357 1902 1383 ese
1922 1362 1932 1382 .·
1949 1353 2013 1396 qui
2033 1359 2153 1384 autem
2165 1348 2294 1396 forni-

1300 1416 1422 1451 catur,
1446 1412 1484 1442 in
1513 1421 1642 1456 corpus
1664 1421 1766 1443 suum
1787 1414 1955 1456 pecc-affl.
1977 1408 2154 1445 Similiter
2180 1422 2294 1458 supet·

1299 1479 1412 1502 omne
1428 1475 1622 1516 peccatum
1644 1467 1798 1503 avaritia
1818 1466 1990 1515 inquinat
2011 1467 2172 1503 animam
2193 1483 2200 1504 :
2223 1482 2294 1504 un-

1298 1525 1344 1561 de
1363 1534 1400 1561 et
1420 1529 1599 1562 idolorum
1620 1529 1769 1561 servitus
1792 1524 1964 1562 dicium-⁸.
1987 1530 2164 1563 Incnrvat
2190 1527 2291 1564 enim

1297 1584 1342 1621 ad
1362 1585 1488 1621 infima
1509 1594 1546 1622 et
1566 1598 1681 1634 egena
1702 1585 1887 1621 elementa
1908 1586 2070 1621 animam
2087 1614 2097 1629 ‚
2120 1599 2204 1634 quae
2222 1586 2291 1622 soli

1298 1645 1464 1682 Creatori
1478 1644 1660 1693 subjecta,
1676 1644 1816 1681 caeteris
1829 1644 1940 1681 rebus
1952 1644 2106 1681 deberet
2117 1659 2287 1695 praeesse.

1298 1704 1368 1751 Qui
1395 1716 1485 1752 ergo
1510 1711 1755 1753 perseverant
1784 1703 1821 1739 in
1848 1703 2100 1749 continentia,
2131 1705 2290 1740 assultus

1297 1763 1465 1799 sentiunt
1485 1763 1663 1808 luxuriae,
1679 1762 1742 1799 scd
1768 1762 1868 1812 apud
1891 1763 2108 1812 sapientiam
2136 1764 2290 1799 fortitu-

1300 1822 1425 1859 dinem
1448 1823 1646 1859 inveniunt
1667 1822 1873 1859 resistendi.
1893 1826 1962 1859 Per
1980 1823 2051 1859 hoe
2069 1824 2168 1859 enim
2187 1824 2291 1873 qnod

235 1882 455 1918 affectiones
473 1881 680 1926 contrahit,
703 1879 881 1917 omnibus
903 1893 942 1916 se
963 1880 1229 1925 conformans,
1251 1877 1277 1913 C
1297 1881 1349 1917 eis
1369 1882 1465 1930 sapit
1489 1884 1606 1926 Deus,
1626 1889 1662 1916 et
1681 1889 1831 1930 gustare
1850 1880 2077 1930 quandoque
2098 1890 2292 1917 merentur

235 1950 274 1978 et
302 1942 472 1978 omnium
496 1941 533 1977 in
560 1954 600 1977 se
627 1949 699 1977 tam
733 1941 889 1977 adversa
909 1953 1020 1989 quam
1051 1953 1231 1990 prospera

236 2000 449 2050 trajiciens,
480 2001 574 2037 flens
602 2014 686 2037 cum
712 2000 912 2044 flentibus,
950 2000 1116 2049 gaudens
1146 2013 1231 2036 cum

235 2060 508 2110 gaudentibus;
539 2073 623 2109 quae
657 2060 806 2096 tandem
837 2060 993 2096 veniens
1022 2059 1068 2096 ad
1102 2059 1228 2104 littus,

234 2120 389 2170 quando
417 2119 593 2157 videlicet
625 2120 671 2156 de
702 2120 881 2156 servitute
911 2119 1086 2169 corporis
1120 2118 1231 2167 hujus

235 2179 457 2216 liberabitur
486 2179 523 2215 in
550 2178 760 2216 libertatem
787 2179 916 2228 gloriae
947 2179 1108 2214 filiorum
1140 2178 1227 2223 Dei,

234 2239 418 2290 quidquid
449 2252 638 2285 amarum,
669 2238 854 2289 quidquid
889 2238 1012 2284 triste,
1044 2237 1229 2287 quidquid

235 2299 433 2336 adversum
461 2308 538 2343 est,
561 2299 728 2336 destruet
747 2307 785 2336 et
811 2306 944 2342 exuet,
969 2298 1029 2334 cui
1049 2297 1228 2333 nimirum

233 2359 303 2396 erit
326 2359 474 2405 laetitia,
493 2367 530 2395 et
544 2359 609 2394 lux
627 2357 767 2395 lucebit
786 2366 984 2407 perpetua.
1006 2356 1117 2404 Quod
1135 2369 1230 2392 con-

233 2418 488 2467 gregationem
517 2430 619 2454 mare
648 2417 827 2462 dixerim,
850 2430 926 2452 non
961 2416 1027 2452 tibi
1059 2415 1230 2452 videatur

233 2475 438 2514 absurdum
458 2492 466 2513 :
483 2490 565 2526 quae
595 2477 773 2512 nimirum
795 2477 908 2512 flante
934 2489 1023 2512 aura
1050 2475 1229 2511 tentatio-

234 2535 318 2582 nis,
352 2537 526 2586 procellis
559 2535 818 2572 turbationum
849 2535 1040 2572 multoties
1063 2535 1227 2571 eliditur.

233 2599 275 2632 ln
297 2609 370 2644 qua
391 2604 480 2632 sunt
506 2608 616 2644 qnam
640 2596 767 2644 plures
786 2596 850 2644 qui
875 2595 1085 2631 ascendunt
1111 2607 1230 2642 usque

1298 1953 1409 1988 quam
1431 1939 1551 1975 dulcis
1570 1947 1625 1976 est
1641 1940 1842 1984 Dominus,
1867 1940 1966 1975 illam
1997 1941 2288 1977 infelicissimam

1298 2007 1335 2034 et
1357 1999 1638 2035 fetentissimam
1659 1998 1895 2034 dulcedinem
1918 1999 2075 2035 luxuria}
2093 2010 2290 2050 respuunt,

1295 2065 1331 2093 et
1347 2057 1448 2107 apud
1465 2071 1550 2094 eum
1571 2057 1771 2093 inveniunt
1792 2057 2049 2107 refrigerium,
2066 2058 2174 2107 cnjus
2188 2060 2288 2109 apud

1296 2130 1334 2153 se
1354 2117 1493 2153 liabent
1511 2117 1750 2154 desiderium.
1768 2117 1945 2153 Similiter
1960 2118 2113 2153 avaritia
2129 2117 2291 2155 subver—

1298 2184 1375 2213 tere
1397 2177 1529 2213 nititur
1551 2176 1844 2212 misericordiam
1858 2205 1867 2221 ‚
1888 2184 1925 2211 et
1948 2177 2054 2225 quasi
2077 2176 2147 2212 sub
2167 2178 2290 2226 specie

1296 2237 1386 2275 boni
1414 2250 1471 2273 res
1495 2236 1709 2272 monasterii
1739 2235 1914 2285 probibet
1943 2236 2106 2272 vendere
2127 2250 2196 2286 pro
2225 2251 2292 2273 ne-

1296 2296 1530 2334 cessitatibus
1553 2296 1790 2332 infirmorum
1805 2323 1814 2339 ‚
1841 2309 1883 2331 ae
1906 2298 1934 2331 si
1955 2309 2132 2332 corruere
2158 2296 2292 2333 debeat

1298 2356 1585 2400 monasterium,
1611 2355 1641 2391 si
1669 2368 1756 2391 cura
1784 2355 2011 2404 suscipiatur
2042 2356 2291 2392 intirmorum.

1297 2416 1366 2453 Sed
1392 2415 1529 2465 quibus
1550 2415 1646 2464 sapit
1667 2417 1787 2457 Deus,
1812 2427 1887 2449 non
1909 2413 2002 2450 adeo
2023 2415 2119 2463 sapit
2146 2423 2293 2451 terrena

1295 2475 1522 2519 substantia,
1538 2474 1627 2523 quin
1645 2474 1802 2510 inlirmis
1819 2474 2107 2522 compatiantur.
2128 2476 2294 2511 Avaritia

1295 2543 1420 2570 antem
1447 2533 1536 2570 dum
1562 2533 1697 2583 ingerit
1716 2532 2012 2581 superfluitates,
2033 2534 2111 2569 vult
2129 2535 2291 2570 necessi-

1297 2602 1389 2630 tates
1418 2604 1585 2629 resecare
1611 2607 1618 2628 :
1647 2592 1710 2627 scd
1739 2605 1874 2641 sagena
1904 2592 2184 2634 miseriem-dim,
2208 2608 2292 2642 qua¹

233 2654 279 2691 ad
299 2655 414 2690 coelos
434 2653 718 2704 praesumendo,
737 2662 774 2690 et
794 2653 1028 2690 descendunt
1049 2666 1167 2701 usque
1183 2653 1230 2688 ad
1246 2657 1278 2689 D
1302 2654 1341 2688 lit
1357 2666 1401 2687 ex
1422 2652 1490 2687 litis
1506 2652 1796 2699 compassionis,
1815 2659 1849 2685 et
1874 2651 2056 2700 impendit
2073 2652 2290 2689 charitatem

234 2713 390 2762 abyssos
409 2713 646 2763 desperando
663 2727 670 2749 ε
689 2726 850 2762 quorum
871 2713 993 2748 anima
1012 2713 1047 2748 in
1070 2712 1157 2761 ipsis
1176 2720 1229 2747 ta-

235 2773 409 2810 bescente
439 2772 640 2809 turbantur
658 2781 696 2809 et
716 2780 917 2808 moventur
943 2772 1037 2807 sicut
1057 2770 1174 2813 ebrii,
1193 2778 1231 2806 et

234 2833 357 2869 omnis
384 2832 587 2882 sapientia,
605 2833 681 2868 imo
701 2831 930 2867 conscientia
956 2843 1088 2866 corum
1112 2829 1230 2865 devo-

236 2893 376 2930 rann-⁵.
401 2893 474 2930 Sed
496 2893 581 2929 licet
599 2891 789 2929 mirabiles
804 2891 986 2927 elationes
1007 2890 1137 2934 maris,
1160 2889 1230 2925 mi-

236 2952 360 2990 rabilis
398 2961 519 2989 tamen
552 2953 587 2989 in
622 2952 705 2988 altis
735 2949 944 2988 [1111111111156
975 2965 982 2986 :
1013 2950 1100 2998 quia
1129 2957 1165 2985 ct
1199 2949 1227 2984 si

234 3012 462 3062 quandoque
479 3013 515 3048 in
539 3011 622 3048 navi
644 3011 809 3047 ‹lon-miro
829 3010 1030 3053 sustineat,
1052 3009 1158 3045 novit
1175 3017 1227 3045 ta-

235 3085 319 3108 men
345 3085 496 3122 surgere
516 3072 552 3107 in
575 3079 744 3120 tempore
764 3078 1006 3120 opportuno,
1029 3077 1065 3104 et
1087 3082 1132 3103 eo
1159 3068 1227 3104 im-

1297 2713 1333 2747 in
1359 2710 1642 2746 necessitatibus
1669 2709 1923 2753 inveniendis,
1944 2718 1980 2745 et
2010 2709 2120 2746 liabet
2146 2711 2291 2747 diserc-

1299 2771 1435 2806 tionem
1457 2770 1493 2805 in
1522 2767 1845 2818 superfluitatibus
1872 2768 2096 2816 rejiciendis.
2125 2773 2193 2806 Dat
2224 2771 2294 2806 ita-

1295 2843 1369 2878 que
1398 2829 1579 2878 sapientia
1610 2828 1785 2864 virtutem
1823 2837 1857 2863 et
1894 2829 2151 2865 lortitmlinein
2191 2830 2290 2879 plebi

1296 2902 1394 2932 sua·;
1423 2888 1599 2923 virtutem
1626 2896 1755 2923 contra
1786 2887 2000 2930 anu-itiam,
2031 2889 2289 2925 fortitudim·m

1296 2956 1425 2983 contra
1448 2948 1632 2983 luxuriam
1657 2962 1663 2982 :
1687 2956 1721 2983 et
1744 2956 1866 2982 tamen
1890 2950 1986 2983 inter
2009 2956 2062 2983 1111
2090 2948 2287 2997 perturba-

1296 3009 1433 3050 tiones,
1452 3015 1488 3041 et
1511 3007 1607 3042 inter
1635 3014 1687 3041 tot
1715 3007 1903 3054 angustias
1927 3006 2113 3056 disponit,
2139 3016 2177 3043 nt
2204 3007 2291 3044 dili-

1293 3066 1467 3117 gentibus
1490 3070 1607 3103 Deum
1628 3066 1754 3102 omnia
1775 3075 2028 3115 cooperentur
2046 3066 2082 3103 in
2108 3066 2248 3102 bonum
2263 3076 2290 3104 ¹³.

235 3140 390 3181 perante
424 3129 600 3167 fluctibus
636 3138 672 3166 ct
704 3129 816 3174 mari,
855 3128 952 3166 redit
980 3128 1228 3176 tranquillitas
1296 3132 1429 3163 Amen.

236 3204 382 3240 inagna.

286 3324 292 3337 ¹
314 3316 428 3348 Manli.
450 3329 529 3354 xnx,
555 3319 604 3347 17.
623 3334 661 3338 --
693 3323 704 3337 ’
727 3319 753 3347 ll
775 3317 845 3346 Cor.
872 3318 1036 3351 1“,1.ὶ.μ
1057 3313 1097 3344 ³1
1127 3316 1200 3344 (tor.
1221 3325 1306 3350 xiii,
1334 3317 1362 3343 ζ».
1390 3330 1422 3333 ff
1455 3310 1597 3342 ‘Matllr
1615 3322 1692 3345 xiii,
1724 3315 1768 3341 37.
1807 3332 1812 3333 κ
1864 3310 1874 3329 ’·
1894 3313 1969 3342 l‘sal.
1989 3323 2059 3343 111,
2089 3316 2148 3343 Ν»,
2182 3314 2225 3342 ’.“,

237 3372 250 3387 ’“
266 3370 341 3400 l'sal.
365 3380 445 3405 xcii,
471 3372 522 3400 'is
573 3371 698 3399 ticos.
719 3380 773 3402 11,
798 3372 845 3399 18.
919 3365 930 3385 '¹
949 3367 1065 3396 coloss.
1089 3378 1144 3399 111,
1170 3371 1196 3396 Γ».
1219 3384 1254 3388 ——
1275 3373 1290 3393 ‘J
1308 3369 1385 3395 itum
1420 3376 1502 3397 1-111,
1526 3367 1582 3393 Ὴζ.
