2418 3949
177 259 272 297 1257

169 336 361 386 quomodo
377 349 416 374 se
435 336 602 373 reinduit
622 337 706 373 illa?
728 337 765 373 Si
787 337 946 374 mutavit
961 337 1130 374 habitum
1145 335 1196 382 ,⁶³

821 262 885 296 DE
915 261 1083 296 VERBIS
1112 260 1289 296 DOMINI
1317 260 1365 294 IN
1397 260 1559 296 COENA.

1201 335 1354 386 ⁷gressu
1373 336 1511 386 pedum
1542 333 1648 384 sequi
1672 346 1749 370 non
1777 341 1959 383 possunt,
1979 333 2157 381 lacrymis
2180 342 2217 368 et

2124 257 2221 294 1258

169 409 238 432 cur
253 409 330 433 non
352 396 509 432 mutavit
532 404 569 432 et
594 396 784 432 animum?
804 396 841 433 Si
869 397 960 433 foris
982 395 1157 442 albescit,
1174 399 1204 432 A
1222 394 1422 444 gemitibus
1438 401 1734 444 prosequuntur.
1752 393 1853 429 Felix
1871 392 1997 428 talium
2017 391 2107 435 vita,
2126 390 2215 427 bea-

168 469 236 492 eur
265 456 366 492 intus
394 455 592 505 nigrescit?
618 455 655 492 Si
680 455 783 491 illum
817 455 906 491 foris
934 455 1047 491 vestis
1075 454 1160 491 alba

168 514 338 560 decorat,
355 528 422 551 cur
440 514 545 550 illum
566 514 668 550 intus
687 514 894 550 cauterium
921 514 1159 551 conscientiae

169 573 372 623 deturpat?
392 573 429 610 Si
451 572 599 609 studere
616 572 763 608 silentio
784 571 916 618 debet,
938 586 1005 609 cur
1024 573 1160 621 loqua-

168 633 280 668 citate
300 632 465 681 gaudet?
485 632 557 679 Qui
577 640 834 681 contemptum
854 632 1027 681 promisit
1046 643 1159 668 mun·

168 690 227 737 di,
248 705 316 727 cur
332 691 386 727 illi
414 691 570 727 ulterius
591 691 740 740 placere
770 690 991 727 contendit?
1011 690 1158 727 Christo

167 751 316 800 placere
342 750 566 795 contendat,
594 758 836 786 contemnere
864 750 1048 786 mundum
1079 762 1157 786 non

168 809 338 854 disserat,
356 809 458 858 quod
488 810 660 859 promisit
686 809 876 854 attendat,
898 814 1025 847 Jesum
1047 822 1159 859 super

167 868 293 905 omnia
309 868 460 918 diligat,
482 869 573 905 nihil
591 868 672 917 ejus
689 869 808 906 amori
827 877 1042 919 praeponat,
1057 868 1159 905 illius

168 928 340 964 timorem
366 927 595 977 ubicumque
628 928 761 974 suerit,
788 928 926 965 sederit
955 928 1015 964 vel
1046 927 1157 972 ierit,

167 987 327 1036 loquens
344 988 403 1024 vel
425 996 571 1033 tacens,
595 987 765 1024 esuriens
780 988 839 1024 vel
855 987 1004 1032 sitiens,
1024 985 1159 1022 bibens

167 1047 226 1082 vel
243 1046 446 1084 comedens
459 1076 469 1093 ,
488 1047 662 1083 infirmus
684 1047 743 1083 vel
770 1059 902 1092 sanus,
925 1054 1012 1083 ante
1029 1046 1159 1082 oculos

168 1105 325 1150 habeat,
360 1106 397 1142 in
433 1120 509 1156 quo
539 1115 594 1143 est
628 1106 763 1142 liducia
794 1105 1043 1151 fortitudinis,
1074 1117 1159 1154 spes

167 1172 317 1201 aeternae
336 1163 597 1210 beatitudinis,
630 1164 766 1201 fiducia
795 1165 940 1210 veniae,
971 1163 1158 1200 certitudo

167 1224 316 1272 gloriae,
338 1232 580 1273 peccatorum
611 1224 802 1268 remissio,
825 1223 953 1273 gloriae
985 1223 1133 1273 largitio
1147 1251 1157 1268 ,

166 1295 210 1319 ac
230 1283 367 1320 laetitiae
395 1283 610 1332 acquisiti0‚
637 1283 774 1319 summi
798 1290 836 1319 et
864 1282 944 1319 veri
970 1282 1041 1319 Dei
1073 1295 1162 1332 per-

169 1343 309 1380 fruitio.
341 1345 479 1379 Beatus
497 1345 566 1386 vir,
589 1343 641 1379 ait
660 1343 860 1392 propheta,
879 1347 941 1391 qui
960 1347 1064 1378 timet
1086 1345 1163 1378 Do·

168 1407 310 1438 minum
323 1418 337 1447 ;
357 1407 394 1439 in
421 1404 611 1438 mandatis
641 1407 720 1448 ejus
751 1407 854 1450 cupit
879 1406 1004 1438 nimis.
1026 1403 1162 1437 Potens

167 1465 205 1497 in
223 1471 321 1498 terra
341 1466 409 1498 erit
423 1475 547 1497 semen
569 1462 648 1506 ejus
663 1468 689 1506 ¹,
715 1469 752 1498 et
770 1461 850 1511 ipse
871 1474 891 1497 a
909 1461 1073 1498 Domino
1092 1460 1163 1497 be-

168 1521 376 1559 nedicetur.
396 1521 465 1558 Illa
485 1520 681 1557 beatitudo
701 1529 885 1570 perpetua
907 1519 1164 1569 sempiternae-

167 1592 242 1628 que
262 1579 470 1616 dulcedinis
486 1578 690 1615 multitudo
704 1607 713 1623 ,
732 1587 770 1615 et
790 1587 930 1615 aeterna
945 1586 983 1614 et
995 1577 1163 1626 jucunda

167 1639 262 1676 visio
280 1639 349 1676 Dei
365 1666 376 1684 ‚
398 1647 454 1675 est
467 1638 561 1674 illud
577 1638 720 1674 donum
741 1637 845 1686 quod
859 1645 994 1686 petunt
1015 1650 1035 1673 a
1055 1636 1162 1674 Chri-

167 1706 226 1735 sto
241 1698 295 1734 illi
314 1698 380 1748 qui
396 1706 550 1734 manent
563 1698 600 1734 in
618 1697 780 1734 Christo.
798 1698 834 1734 Si
852 1709 981 1733 manes
1000 1697 1038 1732 in
1056 1696 1161 1734 Chri-

166 1766 226 1795 sto
241 1786 252 1803 ,
274 1758 312 1794 id
333 1766 410 1803 est,
429 1759 460 1794 si
487 1757 601 1794 corde
624 1770 721 1807 puro
752 1765 790 1793 et
818 1756 1045 1793 conscientia
1069 1768 1164 1805 pura

168 1817 338 1854 fundaris
360 1818 399 1854 in
424 1817 559 1855 Christi
585 1817 785 1861 charitate,
809 1816 862 1852 nil
882 1815 947 1852 tibi
969 1816 1040 1852 nisi
1060 1815 1165 1853 Chri-

1224 463 1283 491 tus
1313 454 1441 490 talium
1469 466 1618 498 cursus,
1641 450 1748 499 cujus
1777 459 1874 487 meta
1904 451 1975 487 tale
2007 460 2044 487 et
2070 459 2216 487 tantum

1225 514 1404 551 vexillum
1420 512 1557 548 habere
1574 519 1751 548 meretur.
1769 513 1851 547 Hoc
1864 523 1940 547 non
1958 510 2068 546 datur
2080 511 2213 560 pigris,

1225 573 1454 622 negligentes
1475 584 1551 608 non
1578 571 1755 620 capiunt,
1775 569 1916 606 claudis
1942 578 2098 619 negatur
2118 585 2125 605 :
2145 570 2214 606 soli

1225 632 1390 668 currenti
1429 644 1499 681 per
1536 630 1770 667 latitudinem
1810 629 1999 665 charitatis
2040 628 2210 665 debetur.

1224 690 1493 740 Unusquisque
1519 698 1689 726 nostrum
1715 688 1954 724 considerare
1972 701 2047 724 non
2076 695 2213 731 cesset,

1225 750 1387 800 qualiter
1402 749 1441 784 in
1457 748 1575 785 stadio
1590 748 1852 784 mandatorum
1869 747 1938 784 Dei
1955 756 2099 792 currat,
2118 760 2214 796 qua-

1223 810 1308 845 liter
1322 809 1361 844 in
1378 821 1497 856 agone
1515 808 1716 844 christiano
1733 815 1863 843 contra
1888 807 2034 842 leonem
2060 808 2215 855 rugien-

1225 878 1299 905 tem
1316 867 1533 904 contendat.
1555 867 1750 904 Neminem
1764 875 1930 903 vestrum
1951 865 2065 901 credo
2081 866 2216 908 latere,

1223 942 1299 965 non
1311 929 1472 977 aliquem
1488 940 1598 977 posse
1609 926 1765 972 salvari,
1780 926 1850 962 nisi
1864 926 1928 975 qui
1945 925 2109 962 Domino
2127 929 2215 962 Jesu

1225 987 1345 1024 fidelis
1364 986 1660 1037 perseveraverit
1675 998 1794 1034 usque
1809 985 1855 1021 ad
1872 997 2062 1034 egressum
2083 984 2129 1019 de
2146 983 2215 1019 ha-

1225 1047 1389 1083 bitaculo
1405 1046 1599 1095 corporis;
1622 1058 1689 1081 nec
1704 1044 1751 1081 ad
1768 1043 1940 1080 bravium
1963 1052 2111 1079 aeternae
2129 1042 2218 1078 dul-

1182 1105 1207 1138 B
1225 1106 1366 1142 cedinis
1392 1105 1591 1154 pervenire
1605 1132 1614 1149 ,
1637 1104 1702 1152 qui
1727 1111 1927 1151 antequam
1950 1103 1997 1139 ad
2018 1111 2133 1139 metas
2151 1115 2218 1138 ve-

1225 1167 1323 1212 niat,
1351 1166 1389 1201 in
1418 1178 1529 1201 cursu
1566 1164 1726 1200 deficiat.
1765 1162 1931 1198 Stadium
1966 1170 2135 1198 nostrum
2165 1170 2221 1198 est

1227 1224 1467 1262 observantia
1486 1222 1749 1259 mandatorum
1763 1221 1833 1257 Dei
1852 1235 1860 1256 ε
1882 1221 1966 1256 finis
1979 1220 2088 1256 stadii
2101 1221 2219 1256 nostri

1227 1292 1283 1320 est
1299 1283 1460 1320 charitas
1473 1311 1483 1329 ,
1497 1282 1606 1331 juxta
1619 1281 1712 1318 illud
1728 1279 1920 1329 Apostoli,
1938 1281 2042 1314 Finis
2062 1281 2115 1327 leg
2123 1283 2153 1314 is
2169 1287 2223 1314 est

1226 1343 1388 1379 charitas
1404 1348 1431 1379 ².
1459 1341 1561 1379 Finis
1588 1340 1698 1378 stadii
1725 1339 1845 1376 nostri
1871 1347 1926 1375 est
1945 1338 2027 1388 ipsa
2046 1338 2221 1384 charitas,

1227 1416 1304 1440 non
1321 1416 1396 1452 qua
1416 1401 1607 1451 diligimus
1628 1403 1748 1437 Deum
1762 1427 1771 1444 ,
1795 1398 1859 1435 sed
1885 1412 1959 1447 qua
1986 1398 2221 1448 possidemus

1227 1467 1350 1500 Deum
1373 1477 1380 1498 :
1403 1474 1479 1498 non
1500 1474 1543 1497 ea
1567 1473 1642 1510 qua
1661 1459 1831 1508 diligitur
1850 1462 1971 1503 Deus,
1990 1457 2053 1494 sed
2076 1472 2118 1494 ea
2139 1471 2222 1507 quae

1229 1530 1285 1559 est
1301 1522 1382 1572 ipse
1398 1525 1513 1558 Deus.
1537 1524 1580 1557 In
1604 1518 1724 1556 stadio
1747 1517 2010 1554 mandatorum
2039 1518 2107 1553 Dei
2127 1518 2223 1554 alius

1229 1581 1326 1618 bene
1343 1593 1496 1618 currere
1515 1579 1667 1629 incipit,
1688 1586 1723 1614 et
1737 1585 1938 1625 antequam
1953 1575 1999 1612 ad
2018 1585 2134 1612 metas
2155 1590 2222 1613 ve-

1228 1641 1307 1677 niat
1337 1640 1476 1676 deficit.
1508 1639 1613 1677 Alius
1632 1639 1737 1688 pigre
1767 1636 1920 1685 incipit,
1953 1643 1989 1671 et
2020 1643 2149 1684 postea
2176 1635 2223 1672 ad

1229 1708 1347 1736 metas
1362 1698 1543 1735 velociter
1559 1697 1688 1734 currit.
1702 1696 1808 1733 Alius
1823 1704 1861 1732 et
1876 1695 2056 1731 velociter
2069 1695 2200 1744 incipit
2211 1723 2219 1738 ‚

1229 1767 1266 1796 et
1293 1759 1472 1795 velociter
1498 1757 1656 1807 perficit.
1680 1756 1783 1794 Alius
1812 1755 1916 1804 pigre
1944 1754 2097 1803 incipit,
2118 1762 2156 1790 et
2182 1755 2222 1790 in

1227 1817 1377 1868 pigritia
1407 1829 1475 1854 sua
1505 1828 1654 1866 semper
1675 1814 1850 1865 persistit.
1881 1812 2039 1850 Duobus
2064 1813 2224 1851 istorum

167 1886 246 1915 stus
274 1878 486 1916 satisfacere
521 1878 681 1927 poterit,
705 1890 774 1913 nec
802 1876 902 1913 aliud
931 1876 1001 1913 nisi
1037 1876 1161 1925 ipsum
1181 1877 1207 1912 C
1227 1877 1400 1914 bravium
1431 1875 1589 1913 debetur
1610 1890 1617 1912 :
1640 1874 1780 1912 scilicet
1805 1873 1910 1922 pigre
1935 1872 2153 1922 incipienti,
2186 1882 2224 1909 et

167 1947 295 1988 petere
311 1937 388 1986 jam
407 1935 563 1974 valebis.
592 1938 868 1984 Quodcumque,
890 1935 1013 1985 inquit
1030 1934 1162 1972 Domi-

167 2010 238 2034 nus
250 2001 357 2034 Jesus
375 2012 383 2033 :
401 1997 501 2034 salus
516 2009 600 2045 quae
615 2009 807 2045 nunquam
830 1996 971 2041 finitur,
988 1995 1064 2031 vita
1079 2007 1162 2043 quae

166 2069 360 2106 nunquam
383 2056 556 2100 moritur,
576 2055 794 2104 jucunditas
810 2067 975 2097 summa,
996 2053 1159 2103 paradisi

164 2115 304 2164 gloria,
336 2115 440 2151 omni
476 2115 587 2151 melle
615 2114 774 2158 dulcior,
806 2112 978 2162 quolibet
1011 2120 1161 2148 nectare

164 2175 330 2220 suavior,
351 2175 508 2223 gemmis
530 2182 565 2210 et
586 2186 679 2210 auro
701 2172 914 2222 pretiosior,
937 2171 1078 2220 inquit,
1098 2171 1159 2207 in—

163 2247 276 2283 quam
292 2263 302 2280 ,
323 2233 564 2270 dilectoribus
584 2233 659 2270 suis
677 2248 684 2269 :
712 2234 981 2280 Quodcumque
999 2234 1161 2267 volueri-

162 2299 230 2338 tis,
243 2299 391 2342 petetis,
410 2295 528 2341 etfiet
545 2293 659 2329 vobis.
680 2296 855 2342 Magnum
873 2300 928 2328 est
944 2290 1036 2327 illud
1054 2289 1159 2339 quod

162 2353 266 2390 dicit.

217 2413 253 2450 4.
274 2413 345 2451 Sed
367 2413 574 2449 notandum
590 2420 646 2449 est
662 2411 764 2461 quod
781 2411 1011 2456 universale,
1033 2411 1159 2456 Quod-

160 2486 330 2521 cumque,
350 2486 426 2509 non
442 2472 611 2508 continet
627 2471 752 2507 omnia
767 2500 776 2516 ,
806 2470 870 2507 sed
884 2470 989 2506 illum
1011 2477 1155 2505 tantum

161 2531 227 2580 qui
259 2531 426 2568 continet
448 2531 648 2576 universa;
680 2530 744 2579 qui
777 2530 829 2566 sic
858 2528 970 2565 habet
994 2540 1094 2573 esse,
1115 2535 1157 2563 ut

162 2603 294 2626 verum
322 2601 472 2639 semper
499 2589 546 2625 sit
576 2601 656 2624 esse
683 2604 691 2625 :
719 2596 805 2624 ante
835 2588 963 2624 omnia
987 2595 1157 2636 tempora

1229 1944 1359 1986 postea
1389 1934 1570 1971 velociter
1598 1933 1856 1983 pervenient13
1880 1931 1986 1967 alteri
2013 1939 2049 1966 et
2075 1932 2222 1980 agiliter

1227 1995 1446 2045 incipienti,
1469 2003 1505 2031 et
1525 1993 1704 2030 velociter
1726 1991 1974 2042 pervenienti.

1279 2057 1315 2092 5.
1336 2055 1446 2092 Multi
1467 2054 1565 2090 euim
1596 2052 1642 2089 ad
1671 2051 1938 2088 monasterium
1968 2050 2151 2095 veniunt,
2178 2059 2230 2087 ut·

1225 2114 1278 2151 ibi
1295 2115 1501 2164 glorianter
1515 2113 1645 2149 vivant
1660 2127 1668 2147 :
1682 2112 1745 2161 qui
1764 2111 1858 2146 male
1874 2110 2061 2158 incipiunt
2077 2118 2113 2145 et
2126 2110 2222 2146 male

1225 2182 1509 2219 consummant,
1532 2185 1681 2221 semper
1710 2171 1790 2220 vagi
1819 2178 1855 2205 et
1881 2182 2074 2217 nunquam
2101 2169 2218 2206 stabi-

1226 2236 1298 2281 les;
1317 2246 1465 2284 semper
1478 2245 1562 2269 cum
1581 2244 1657 2268 non
1675 2229 1813 2267 habent
1827 2229 1928 2278 quod
1947 2229 2100 2273 volunt,
2119 2242 2220 2265 mur-

1225 2294 1365 2331 murosi
1383 2302 1419 2330 et
1444 2292 1693 2336 detractores,
1714 2289 1914 2326 cellulariis
1933 2301 1954 2324 a
1975 2297 2079 2337 tergo
2100 2287 2219 2325 bene-

1225 2353 1410 2398 dicentes,
1440 2364 1505 2388 eos
1532 2363 1615 2387 cum
1646 2348 1784 2398 quibus
1810 2348 1944 2384 vivunt
1969 2347 2101 2383 fratres
2133 2360 2219 2384 suos

1223 2412 1369 2461 injuriis
1383 2411 1606 2454 afficientes,
1622 2407 1791 2444 moribus
1806 2406 2093 2455 indisciplinati,
2112 2415 2220 2455 gestu

1223 2480 1260 2508 et
1275 2480 1359 2508 actu
1377 2468 1601 2513 inordinati,
1619 2466 1750 2503 habitu
1768 2466 1873 2510 elati,
1893 2464 2062 2501 moribus
2078 2465 2216 2514 inepti,

1223 2531 1334 2567 bonis
1369 2528 1545 2580 praestitis
1579 2539 1728 2575 semper
1761 2525 1908 2573 ingrati.
1946 2525 2011 2560 Isti
2044 2523 2217 2560 bravium

1223 2598 1372 2626 aeternae
1398 2586 1642 2624 beatitudinis
1672 2598 1747 2621 non
1774 2582 2020 2620 merebuntur
2053 2582 2215 2630 habere,

162 2652 264 2686 Deus
283 2648 329 2685 de
352 2651 450 2692 Deo,
472 2649 511 2684 in
534 2648 608 2683 fine
630 2656 844 2696 temporum
875 2656 984 2683 natus
1006 2659 1050 2683 ex
1070 2647 1155 2682 Vir-
1176 2653 1207 2686 D
1223 2649 1310 2697 quia
1329 2648 1368 2684 in
1398 2647 1559 2684 stadium
1585 2643 1847 2681 mandatorum
1873 2642 1940 2678 Dei
1961 2654 2128 2690 gressum
2154 2656 2215 2680 re-

163 2708 249 2757 gine
269 2708 384 2744 homo
397 2735 406 2752 ,
429 2708 529 2743 salus
548 2715 686 2743 aeterna
704 2706 937 2742 credentium
959 2706 1127 2741 omnium
1145 2733 1154 2749 ‚

162 2780 250 2816 spes
264 2775 301 2803 et
324 2766 508 2815 refugium
528 2766 739 2801 timentium
758 2778 857 2801 eum.
881 2768 962 2801 Hoc.
982 2772 1036 2800 cst
1063 2763 1155 2799 illud

162 2826 283 2863 solum
298 2855 307 2872 ,
329 2825 433 2875 quod
450 2833 583 2875 petunt
603 2825 734 2870 electi,
761 2823 900 2873 quibus
930 2824 980 2859 nil
1008 2822 1155 2859 satisfa—

162 2898 246 2922 cere
274 2893 398 2934 potest
423 2893 561 2934 praeter
589 2887 708 2920 Deum
730 2884 794 2932 qui
814 2883 939 2918 omnia
960 2882 1154 2919 continet:

161 2945 226 2993 qui
246 2953 400 2994 gemunt
425 2952 461 2980 et
477 2944 628 2992 lugent,
646 2943 748 2992 quod
764 2947 891 2979 Jesum
912 2940 1155 2978 beatitudinis

161 3013 354 3041 auctorem
383 3017 458 3040 non
484 3004 635 3047 vident,
667 3003 732 3052 qui
760 3015 836 3039 non
863 3002 966 3051 quod
995 3002 1155 3038 delectet

161 3063 360 3112 aspiciunt.
377 3061 524 3110 Quibus
541 3062 659 3098 tristia
675 3070 763 3098 sunt
777 3061 904 3097 onmia
920 3074 1003 3110 quae
1018 3074 1154 3097 occur-

162 3130 270 3165 runt,
289 3122 352 3170 qui
370 3121 574 3158 Dominum
592 3124 719 3157 Jesum
738 3128 912 3169 quaerunt
926 3148 935 3165 ,
953 3128 989 3155 et
1003 3133 1079 3156 non
1100 3119 1155 3154 iu-

162 3181 344 3225 veniunt3
373 3189 411 3216 et
438 3187 598 3223 vocant,
621 3187 658 3215 ct
681 3192 756 3215 non
786 3178 1012 3229 respondet;
1035 3178 1081 3214 ad
1102 3178 1155 3213 la-

161 3252 308 3288 crymas
324 3239 467 3276 doloris
487 3239 623 3276 amicas
643 3251 681 3275 se
710 3246 960 3282 convertunt;
982 3246 1019 3274 et
1042 3250 1153 3286 quem

216 3370 222 3385 ¹
245 3364 323 3395 I’sal.
345 3375 414 3401 cxi,
435 3368 463 3400 1,
485 3369 514 3395 2.
535 3384 538 3386 -
594 3371 603 3385 ⁷
626 3368 635 3395 1
656 3365 736 3395 lim.
758 3375 783 3400 ι,
804 3368 832 3393 ἰ».

1221 2715 1320 2742 ctum
1348 2706 1461 2754 figere
1481 2705 1650 2741 noluere.
1676 2703 1759 2739 Istis
1776 2700 1875 2737 euim
1898 2700 2016 2735 forma
2035 2703 2216 2738 sanctita-

1223 2766 1268 2801 tis
1287 2764 1332 2800 ad
1350 2764 1557 2814 perfectum
1573 2776 1646 2798 non
1665 2761 1755 2804 erit,
1773 2772 1868 2808 quos
1883 2772 2030 2794 morum
2051 2761 2214 2808 pravitas

1223 2835 1291 2872 per
1311 2821 1577 2858 inobedientiae
1594 2831 1736 2855 venena
1757 2816 1967 2853 confundit.
1994 2819 2035 2852 lu
2056 2817 2134 2852 istis
2158 2826 2212 2853 ta—

1223 2883 1319 2919 libus
1337 2881 1450 2918 verba
1469 2880 1606 2918 Christi
1629 2892 1703 2915 non
1724 2885 1875 2914 manent
1889 2905 1897 2921 ,
1918 2876 2002 2925 quia
2026 2886 2213 2927 praees-pta

1220 2942 1379 2986 Christi,
1400 2953 1484 2989 qua:
1499 2940 1622 2976 sciunt
1639 2938 1698 2973 vel
1720 2937 1900 2981 audiunt,
1921 2944 2120 2971 ventorum
2142 2950 2212 2973 xa-

1221 3001 1326 3037 nitati
1346 2999 1588 3042 dedicarunt,
1605 2997 1710 3046 jussa
1732 2995 1882 3032 Domini
1904 3002 2209 3042 contemnentes,

1219 3058 1408 3095 coenacula
1436 3057 1577 3093 ventris
1605 3063 1772 3092 amantes
1795 3069 1802 3090 ε
1828 3054 1949 3102 ipsum
1975 3066 2065 3089 vcro
2091 3057 2212 3091 Deum

1221 3118 1583 3159 sciliceta=t‹·r1uun,
1608 3119 1728 3152 Deum
1755 3113 2075 3162 omnipotentem,
2101 3114 2213 3149 calci-

1222 3178 1291 3215 bus
1308 3177 1482 3227 nequitiae
1507 3184 1543 3211 ct
1575 3175 1723 3211 malitia·
1750 3173 2023 3222 percutientes,
2043 3172 2212 3209 odimus

1221 3238 1463 3288 proximum,
1485 3234 1712 3284 abnegantis
1738 3233 1938 3269 Dominum
1957 3234 2083 3267 Jesum
2105 3232 2213 3269 Chri-
