2504 3928
320 171 366 206 ’.Γ
373 174 393 204 Γ»

1098 168 1386 205 Glt.1.t:nt'.tt'r1
1411 169 1605 204 Annit'sts

321 248 468 286 Palla,
496 243 625 293 inquit.
656 243 727 291 Qui
756 243 910 292 perflat,
939 243 974 278 iu
999 242 1137 279 intimis
1165 244 1244 287 ilat,
1267 241 1342 278 et*

2289 164 2363 202 276

1349 241 1361 259 ³
1377 252 1433 279 tus
1450 252 1583 294 puteus
1603 256 1783 292 aquarum
1801 242 2007 280 viventium
2026 259 2033 280 :
2052 244 2165 293 tnagis
2183 251 2306 280 autem
2327 243 2362 278 in

321 303 604 354 impenetrabile
625 302 714 338 nibil
736 310 789 338 est
812 301 862 337 illi
884 316 891 337 :
908 302 1060 351 spiritus
1076 303 1144 339 iste
1163 301 1308 339 subtilis
1328 303 1357 335 Α
1375 304 1525 340 bortum
1548 317 1670 340 mcum
1691 303 1859 340 ascendit
1878 304 2013 340 liorror
2033 304 2225 352 spinarum
2244 310 2280 338 et
2304 315 2365 336 xe-

319 372 394 407 est,
422 370 572 403 acutus,
600 368 636 396 et
664 359 832 405 mobilis,
863 361 1025 409 perflans
1050 374 1125 397 non
1160 361 1303 397 intlans.

321 422 480 458 scientia
508 421 631 456 inllat¹
652 434 659 455 :
678 420 836 456 ebaritas
856 420 1001 468 perllat.
1023 419 1189 456 Charitas
1209 420 1306 456 intc—

322 482 398 517 rior
421 489 471 516 est
497 492 607 528 (piam
629 478 797 524 scientia,
817 487 853 514 et
872 478 918 514 ad
941 478 1140 515 secretiora
1161 478 1306 527 pertin-

320 541 383 587 git.
405 539 538 575 Omnia
562 538 738 574 interiora
759 537 892 587 perllat
915 538 1095 587 Spiritus,
1118 537 1182 586 qui
1203 549 1307 573 scru-

323 607 420 634 tatur
445 598 556 634 etiam
588 596 772 646 profunda
803 597 881 634 Dei.
916 596 986 633 t‘bi
1016 596 1250 646 pet-(laverit,
1271 605 1307 631 et

321 657 425 705 tpiasi
452 656 666 706 perflaverit
688 656 778 699 ista3
803 655 851 691 ibi
874 656 1113 692 scientiarum
1141 664 1308 691 aromata

323 716 463 752 utiliter
481 715 623 758 ssunnt,
645 715 924 760 meditationes,
947 715 1156 758 orationes,
1186 715 1309 763 suspi-

323 777 397 818 ria,
422 774 623 822 singultus,
648 774 837 821 laci-yma»,
862 774 938 823 ipsa
960 773 1159 822 colloquia.
1179 773 1312 809 Omnia

323 833 424 869 velut
449 841 613 869 aromata
640 831 780 877 fluunt,
801 845 884 880 quat
905 832 950 867 de
973 831 1151 867 ebaritate
1172 830 1313 866 duetmt

324 892 520 941 originem.
549 891 681 927 Omnia
707 903 790 938 qua¹
817 890 1028 938 procedunt
1051 889 1095 925 de
1120 903 1184 934 ea,
1208 888 1311 937 quasi

325 950 527 987 aromatica
543 958 629 986 sunt
643 977 652 994 ‚
669 950 784 998 gratia
803 950 923 998 plena.
946 950 1062 986 tlliara
1081 957 1180 991 sunt,
1196 957 1231 984 ct.
1247 962 1312 984 co-

1373 362 1509 411 prium.
1528 366 1609 399 Non
1628 362 1749 398 audeo
1768 370 1802 398 te
1815 389 1824 405 ‚
1847 361 1947 398 bone
1963 366 2071 407 Jesu,
2090 362 2127 398 in
2151 362 2260 398 talem
2279 360 2363 397 lior-

1377 430 1452 457 tum
1484 435 1637 465 vocare,
1673 421 1739 457 nisi
1774 421 1868 457 l‘orte
1898 429 1938 456 ut
1962 421 2117 466 evellas,
2150 427 2187 456 et
2214 420 2361 468 disper-

1373 481 1457 526 das,
1476 489 1511 516 et
1531 480 1688 529 dissipes
1707 480 1852 528 primo,
1874 488 1909 515 et
1925 480 2069 528 plantes
2089 487 2238 528 postea;
2255 486 2292 514 et
2311 478 2363 514 sic

1375 547 1542 588 tempore
1561 552 1730 587 congruo
1749 538 1796 574 (le
1817 538 2048 587 plantatione.
2073 537 2247 574 comedes
2266 537 2363 573 dcx-

1375 607 1461 634 tera‘
1480 607 1561 634 ιιι-Ἢ.
1587 599 1684 636 Felix
1704 598 1827 634 anima
1846 611 1929 646 quae
1950 606 1984 634 te
2002 597 2159 634 inritare
2179 596 2289 646 digna
2309 605 2364 633 est

1374 657 1419 694 ad
1442 658 1583 692 fruetus
1600 655 1677 704 jam
1703 664 1887 702 maturos,
1907 656 1954 692 ad
1980 657 2122 692 fruetus
2142 662 2311 704 paratos,
2328 662 2365 689 et

1379 715 1588 751 acerbitatis
1611 715 1699 750 nibil
1730 714 1918 752 babentes.
1952 719 2072 763 Atque
2096 714 2237 750 utinam
2259 726 2366 749 acer-

1378 773 1474 809 bitas
1489 774 1567 810 sola
1585 774 1718 810 nostris
1733 782 1928 810 accusetur
1944 773 1979 809 in
2003 772 2204 818 fructibus;
2223 771 2365 808 utinam

1380 833 1566 869 immaturi
1592 834 1686 878 sint,
1709 833 1914 869 dummodo
1942 832 2029 868 mali
2058 845 2132 869 non
2161 832 2246 867 sint.
2275 834 2364 867 Fre-

1379 901 1536 941 quenter
1557 906 1667 942 poma
1687 906 1769 941 qnae
1788 905 1924 941 genere
1946 891 2045 927 bona
2066 898 2151 928 sunt
2165 918 2174 935 ‚
2199 898 2367 939 tempore

1380 951 1546 988 nondum
1572 960 1675 1000 grata
1694 960 1797 997 sunt,
1815 951 1879 988 sed
1902 950 2169 987 immaturitate
2193 949 2271 985 sola
2290 948 2367 984 dis-

326 1011 431 1059 piosa
450 1018 553 1053 sunt3
572 1009 772 1045 aromatica
792 1017 929 1044 suntet
946 1008 1212 1044 fluentiasunt.
1235 1009 1314 1044 l'lc-
1335 1009 1359 1042 li
1380 1011 1530 1060 plicent.
1559 1011 1658 1048 Felix
1687 1011 1837 1056 liortus,
1866 1008 1972 1057 cujus
1998 1021 2128 1044 omnes
2161 1007 2303 1043 fructus
2332 1014 2369 1042 ct

328 1083 374 1104 na
388 1077 471 1105 sunt
487 1081 570 1116 quae
584 1068 630 1103 (le
644 1068 831 1103 charitatis
846 1067 1078 1116 plenitudine
1092 1065 1311 1116 proculiunt.

329 1129 439 1164 Plena
458 1135 561 1170 sunt,
577 1135 611 1162 et
629 1139 803 1174 expressa
821 1139 894 1162 non
912 1135 1016 1169 sunt,
1039 1139 1105 1161 nee
1120 1126 1314 1162 torcularis

328 1186 542 1222 violentiam
568 1185 762 1234 patiuntur
781 1184 861 1233 ejus
876 1193 1054 1221 aromata.
1078 1185 1257 1221 'l‘oreular
1279 1185 1313 1219 in

329 1246 398 1281 boe
418 1246 528 1281 liorto
544 1258 618 1280 non
636 1244 724 1292 legis
741 1252 970 1280 exstructum
987 1259 994 1280 ε
1012 1257 1095 1280 nam
1114 1244 1231 1279 vicem
1247 1252 1317 1279 tor-

329 1305 462 1341 cularis
481 1304 622 1340 obtinet
644 1313 779 1340 auster.
799 1304 933 1340 Alilata
953 1317 1063 1352 quam
1084 1303 1220 1339 calcata
1245 1316 1317 1339 me-

329 1365 399 1400 lius
430 1364 535 1399 tlunt.
567 1363 737 1399 Gratuita
767 1363 884 1407 enim,
919 1371 959 1398 ut
999 1361 1181 1406 dixinius,
1211 1371 1316 1405 sunt,

330 1435 404 1457 non
428 1430 575 1457 extorta
610 1430 728 1465 metu,
758 1421 820 1458 sed
849 1421 982 1470 spiritu
1006 1422 1096 1457 fusa.
1131 1426 1224 1458 Sunt
1256 1421 1320 1470 (pti

330 1482 542 1529 aquilonem
562 1490 596 1516 et
615 1490 782 1517 austrum
799 1481 844 1517 ad
866 1479 976 1529 liujtis
996 1482 1123 1533 saectili
1140 1482 1316 1524 adversa,

329 1549 365 1576 et
386 1553 568 1589 prospera
586 1540 750 1576 trabunt.
768 1544 812 1577 lit
826 1540 976 1589 quidem
994 1541 1140 1588 gemina
1157 1541 1222 1577 liat·
1240 1549 1321 1576 ten—

332 1600 472 1635 tatione
494 1608 625 1634 vexata
645 1599 806 1635 Ecclesia
825 1599 910 1641 Dei,
931 1598 1040 1635 bonae
1061 1612 1208 1648 semper
1227 1600 1320 1635 all'e—

331 1658 465 1693 ctionis
488 1666 523 1693 et
553 1658 741 1706 opinionis
768 1657 935 1694 abundat
962 1658 1203 1695 aromatibus
1231 1659 1321 1695 Ideo

331 1717 386 1751 bis
408 1715 676 1752 tentationibus
694 1716 929 1765 perflandum
951 1715 1123 1761 dimittit,
1146 1730 1191 1752 eo
1220 1717 1321 1765 quod

1380 1077 1511 1106 natura
1529 1068 1617 1105 boni
1634 1078 1739 1114 sunt,
1757 1077 1793 1104 et
1815 1077 1984 1117 tempore
2003 1066 2172 1115 congrui.
2187 1069 2367 1102 Neutrum

1379 1128 1505 1164 deesse
1542 1129 1641 1164 novit
1678 1127 1800 1176 pomis
1836 1128 1910 1163 suis
1941 1139 2096 1176 sponsa,
2129 1125 2175 1161 ad
2206 1130 2367 1173 quorum

1381 1188 1646 1224 comestionem
1662 1186 1837 1222 dilectum
1855 1193 2048 1234 provocat.
2069 1186 2084 1217 1
2096 1186 2203 1219 'euml
2218 1185 2371 1218 dilectus

1382 1260 1480 1281 metm·
1505 1252 1542 1281 ite
1571 1248 1708 1281 sun-tum
1729 1259 1834 1281 suum
1847 1273 1858 1289 ,
1881 1254 1917 1280 ut
1937 1242 2287 1290 annedaefiwcctum
2301 1255 2371 1289 [m-

1383 1319 1523 1341 momm
1540 1319 1695 1342 snorum.
1715 1305 1806 1342 Vide
1824 1317 1935 1353 quam
1959 1315 2106 1340 morose
2126 1311 2163 1338 et
2182 1301 2369 1345 modeste,

1385 1374 1420 1401 et
1440 1374 1526 1414 post
1546 1366 1661 1402 multa
1687 1364 1875 1414 praeconia
1901 1364 1994 1400 sacta
2019 1363 2065 1399 sit
2086 1362 2163 1398 lia‘c
2189 1361 2370 1397 invitatio.

1386 1427 1467 1461 Non
1487 1424 1585 1459 enim
1604 1423 1796 1472 praesumit
1812 1423 1890 1460 liaec
1905 1423 2081 1458 dilectum
2099 1420 2278 1457 invitare:
2297 1433 2371 1456 non

1387 1484 1462 1520 sitit
1485 1483 1654 1527 delicias,
1677 1484 1798 1520 donec
1819 1483 1975 1519 delicate
2001 1482 2088 1518 satis
2113 1494 2151 1517 se
2176 1481 2282 1517 novit
2306 1481 2374 1516 de-

1387 1542 1574 1591 scriptam.
1608 1541 1705 1589 Quid
1739 1541 1864 1577 enim?
1894 1539 2081 1589 putatisne
2111 1542 2239 1576 Jesum
2271 1537 2376 1574 dele-

1387 1600 1559 1638 ctabilem
1586 1601 1690 1637 illum
1722 1601 1924 1636 adventum
1959 1598 2166 1648 praesentiae
2196 1610 2272 1634 suae
2304 1597 2376 1634 iltis

1387 1659 1599 1708 indulgere,
1621 1660 1683 1707 qui
1710 1658 1899 1707 praedietis
1929 1670 2004 1693 non
2027 1664 2114 1693 suut
2138 1655 2285 1705 praediti
2311 1656 2376 1691 do-

1389 1717 1504 1763 tibus,
1524 1731 1590 1754 nec
1613 1716 1784 1753 laudibus
1809 1716 1908 1765 digni
1921 1718 1935 1752 ‘1'
1952 1714 2172 1752 'l'emerariae
2191 1726 2376 1763 praesum-

331 1774 523 1810 abundare
544 1775 669 1818 novit,
688 1783 723 1810 et
744 1775 909 1824 inopiam
932 1775 1020 1823 pati.
1043 1779 1164 1812 Locus
1187 1776 1252 1812 istc
1271 1777 1322 1812 la·
1343 1774 1369 1808 C
1389 1777 1528 1826 ptionis
1554 1785 1642 1826 puta
1658 1804 1667 1821 ,
1692 1776 1720 1812 si
1743 1776 1846 1825 prius
1869 1788 1981 1823 quam
2007 1781 2118 1823 aptus
2140 1773 2190 1809 sis
2218 1771 2265 1809 ad
2285 1785 2377 1808 con-

332 1834 482 1878 tiorem,
501 1834 778 1870 exsecutionem
797 1842 950 1883 exoptat
970 1848 978 1869 ε
995 1834 1058 1869 sed
1077 1835 1113 1870 in
1131 1835 1230 1870 calce
1245 1835 1322 1870 haet·

333 1901 475 1929 tantum
499 1893 604 1940 quasi
630 1893 760 1928 leviter
781 1893 942 1940 tctigisse
962 1893 1132 1929 sufliciat.
1155 1896 1323 1942 Sequens

330 1963 454 1986 sermo
475 1951 520 1987 ad
544 1959 692 1986 mutuas
709 1950 952 1988 invitationes
971 1952 1098 2000 sponsi
1119 1960 1155 1988 et
1175 1965 1322 2001 sponsa:

332 2009 520 2052 transibit,
540 2010 568 2045 si
582 2010 736 2058 gratiam
753 2009 862 2046 nobis
879 2019 1055 2059 praestare
1070 2010 1245 2060 dignetur
1260 2014 1321 2048 Je-

331 2082 392 2104 sns
412 2069 600 2112 Christus,
623 2069 687 2118 qui
708 2069 800 2105 vivit
816 2076 852 2104 et
874 2077 1001 2117 regnat
1021 2073 1135 2106 Deus.

330 2211 1324 2221 ιιιιιιιιιιιιιιιιιιιιιιιιιιιιιιιιιιιιιιιιιιιιιιιιιιιιιιιιιιιιιιιιιιιιι

595 2345 846 2402 ὃΕΙίΜΟ
913 2342 1056 2399 XL.a

338 2479 448 2508 Veniat
466 2478 597 2508 [ltleclus
619 2489 699 2507 mem
719 2477 749 2506 iu
773 2476 896 2506 lim-tum
921 2487 1027 2511 suum,
1052 2483 1085 2506 ιιι
1103 2476 1241 2507 comedat
1255 2476 1324 2517 fi'l‘·

1390 1836 1644 1885 templationis
1664 1848 1793 1879 usum,
1812 1838 1938 1870 Jesum
1960 1833 2106 1869 invitas.
2127 1835 2182 1868 Tu
2202 1831 2306 1867 illum
2329 1830 2376 1866 ad

1388 1894 1639 1931 deliciandum
1666 1903 1787 1930 tecum
1816 1893 2011 1936 sollicitas,
2035 1891 2100 1940 qui
2128 1891 2224 1927 sorte
2248 1889 2377 1926 sordes

1389 1954 1510 1990 adbuc
1532 1953 1697 1990 delictis?
1717 1956 1858 1989 Hortus
1885 1960 1970 1987 tuns
1997 1948 2166 1986 sentibus
2190 1948 2319 1984 horret
2340 1956 2378 1984 et

1388 2014 1601 2058 sterilescit,
1622 2023 1655 2050 et
1677 2013 1765 2049 illuc
1783 2016 1910 2050 Jesum
1930 2010 2084 2046 invitas?
2106 2008 2224 2045 Invita
2245 2007 2350 2044 illnm
2365 2034 2374 2051 ,

1388 2085 1463 2108 non
1485 2080 1524 2108 ut
1537 2071 1614 2120 jam
1634 2071 1852 2115 delectetur,
1869 2069 1933 2106 sed
1951 2077 1992 2105 ut
2008 2068 2130 2104 deleat
2147 2065 2249 2116 quod
2266 2066 2380 2116 plan-

1389 2131 1477 2166 taxit
1506 2130 1658 2166 dextera
1685 2137 1758 2165 tna.
1787 2128 1906 2165 Invita
1939 2127 2040 2162 illum
2067 2134 2108 2161 ut
2137 2133 2273 2174 purget
2300 2125 2378 2173 pri-

1391 2201 1471 2233 mo,
1497 2198 1624 2237 postea
1654 2189 1808 2237 plantet.
1830 2190 1872 2222 In
1900 2194 2062 2234 utroque
2089 2183 2196 2220 labor
2215 2191 2288 2228 est,
2314 2183 2378 2219 sed

1391 2260 1474 2283 cum
1496 2246 1743 2283 delectatione
1769 2245 1970 2293 decerpere
1993 2243 2115 2279 veniet
2140 2242 2279 2278 fructus
2300 2255 2379 2277 ma-

1391 2313 1504 2342 turos

1444 2367 1478 2401 2.
1503 2368 1647 2409 Veniat,
1668 2363 1808 2412 inquit,
1825 2365 1979 2398 dilectus
1993 2375 2107 2398 meniu
2127 2364 2209 2397 Non
2232 2367 2376 2396 tantum

1390 2423 1582 2460 blanditur
1606 2433 1642 2459 et
1669 2422 1863 2471 applaudit
1891 2421 2086 2470 praesenti,
2111 2419 2176 2456 scd
2203 2420 2313 2456 etiam
2339 2420 2376 2455 in

1390 2483 1579 2519 absentem
1603 2481 1840 2518 inardescunt
1862 2488 1946 2515 vota
1964 2479 2091 2528 ipsius.
2112 2477 2239 2515 Falsus
2258 2490 2377 2520 amor,

380 2538 461 2560 ctum
473 2543 637 2574 pomorum
657 2541 794 2560 suorum.
821 2530 896 2559 l'em'
912 2529 943 2559 in
961 2528 1083 2559 liorlum
1098 2540 1193 2559 meum
1207 2553 1214 2563 ,
1237 2540 1325 2559 soror
1343 2537 1376 2571 D
1391 2549 1426 2576 ct
1447 2540 1700 2576 simulatorius
1720 2538 1910 2575 absentem
1932 2536 2179 2580 oblixjscitun
2203 2536 2377 2584 praesenti

380 2596 447 2614 mea
479 2596 606 2627 sponsa.
643 2583 755 2614 Jlessm'
784 2581 941 2625 myrrham
976 2593 1095 2618 meam,
1121 2587 1180 2613 etc.
1204 2582 1322 2613 (Iantie.

379 2649 446 2679 eap.
473 2650 502 2676 ι,
530 2637 565 2672 ri.
594 2642 622 2668 Ι.

752 2727 897 2739 *oza-—

395 2842 557 2886 l.Quani
581 2840 709 2887 longe,
731 2840 880 2883 fratres,
901 2852 921 2874 a
939 2837 1224 2874 conversatione
1245 2851 1325 2873 mea

335 2906 418 2932 sunt
437 2898 547 2933 xri-tm
569 2907 741 2933 votorum
761 2899 929 2933 istorum.
949 2897 1174 2934 Aviditatem
1196 2898 1325 2934 Domi-

338 2969 406 2991 nn÷
427 2958 525 2991 noxit
541 2986 548 3000 ,
571 2957 633 2991 sed
657 2970 746 2992 ausu
768 2957 961 2993 destituor.
984 2956 1150 3004 Quidni?
1171 2960 1250 2993 Non
1272 2965 1326 2991 est

338 3016 468 3050 boi-tus
493 3015 602 3059 milii,
623 3017 769 3064 qualem
795 3029 908 3064 supra
933 3015 1101 3052 Christus
1125 3014 1295 3064 depinxit
1317 3029 1324 3050 τ

338 3086 411 3108 non
445 3082 529 3108 sunt
559 3086 691 3121 poma,
721 3073 857 3122 quibus
888 3072 994 3108 avide
1032 3073 1211 3116 veseina-3
1251 3085 1323 3108 non

338 3134 478 3166 tracuus
508 3133 718 3176 aromati‹·i;
746 3145 819 3168 uon
846 3132 926 3168 l'ons
957 3131 1133 3179 irrigans,
1166 3144 1241 3167 non
1274 3133 1325 3167 al—

386 3261 510 3287 ¹l(-o1'.
531 3269 609 3288 viii.
636 3262 659 3287 l⁴

1392 2599 1594 2636 blanditur.
1614 2603 1693 2636 Non
1718 2599 1769 2634 sic
1788 2609 1948 2646 sponsa,
1967 2610 2040 2632 non
2064 2595 2134 2640 sic;
2149 2594 2214 2631 sed
2240 2593 2377 2630 absen-

1392 2667 1464 2694 tem
1495 2657 1697 2702 desiderat,
1726 2664 1907 2705 praesente
1944 2656 2101 2691 lretatur.
2135 2655 2284 2696 Veniat,
2317 2653 2377 2688 in-

1391 2716 1469 2764 quit
1484 2743 1491 2759 ,
1512 2717 1659 2750 dilectas
1679 2727 1778 2749 meus
1795 2719 1832 2748 in
1852 2714 1993 2748 lmrmm
2007 2725 2123 2747 suum.
2140 2710 2196 2747 Ad
2214 2722 2272 2746 me
2285 2709 2376 2758 quid

1389 2783 1557 2811 anstrum
1583 2773 1740 2810 invitat?
1767 2777 1851 2822 lpse
1875 2772 2019 2816 veniat,
2044 2778 2080 2806 et
2107 2769 2244 2806 suflicit
2270 2768 2372 2805 milii.

1389 2838 1473 2882 lpse
1496 2841 1620 2869 auster
1643 2840 1696 2867 est
1725 2845 1851 2876 niens,
1879 2831 1956 2880 ipsc
1986 2841 2113 2865 aroma
2138 2835 2194 2863 cst
2222 2839 2344 2863 meunt
2368 2841 2374 2862 :

1391 2893 1469 2942 ipse
1498 2899 1622 2928 auster
1653 2904 1777 2934 meus,
1809 2891 1886 2938 ipse
1914 2901 2020 2924 amor
2051 2899 2167 2923 meus.
2198 2888 2299 2922 Deus
2330 2884 2377 2921 ab

1391 2960 1517 2989 austro
1538 2950 1660 2993 venit,
1685 2957 1722 2983 et
1745 2957 1870 2984 auster
1896 2947 1997 2982 venit
2020 2958 2103 2982 cum
2127 2957 2185 2981 eo.
2206 2943 2377 2991 Denique

1393 3011 1470 3059 ipse
1492 3009 1624 3058 plenus
1651 3015 1706 3042 est
1724 3006 1850 3054 gratiae
1874 3013 1911 3041 et
1932 3004 2110 3040 veritatis.
2132 3007 2230 3040 Bene
2253 3010 2378 3038 auster

1394 3082 1518 3112 meus,
1535 3067 1597 3116 qui
1619 3078 1773 3101 serenus
1794 3065 1971 3107 illustrat,
1992 3071 2028 3098 et
2053 3061 2176 3098 suavis
2198 3059 2374 3096 illabitur.

1394 3137 1526 3166 Auster
1556 3140 1658 3162 meus
1687 3134 1739 3161 cst
1765 3124 1932 3161 Christus
1965 3135 2088 3167 meus,
2119 3122 2197 3170 ipse
2225 3120 2374 3156 bortum

1258 3265 1267 3278 ²
1287 3259 1415 3288 llabitus
1439 3264 1479 3287 est
1498 3267 1526 3285 ιιι
1543 3255 1618 3284 lesio
1636 3256 1664 3283 S.
1684 3252 1856 3284 Laurentii.
1880 3258 1909 3282 ut
1928 3261 1964 3282 ex
1984 3255 2127 3280 contextu
2145 3254 2280 3290 apparet.
