2418 3949
99 143 170 181 173

811 144 860 179 IN
888 140 1116 184 CANTICA,
1145 141 1306 177 SERMO
1333 143 1451 177 XXV.

2073 142 2143 179 174

95 220 183 258 labii
224 221 432 258 accumulet
470 219 640 270 gratiam.
675 219 848 269 Denique
882 216 1083 268 quamdam
1101 215 1132 233 ⁸⁰
1143 214 1319 265 fragmen
1343 220 1436 253 mali
1447 221 1602 265 punit-l,
1623 221 1676 253 sic
1691 231 1802 266 geme
1826 227 1912 254 ttcoe.
1937 218 1973 255 Si
1994 219 2145 256 confra-

94 292 222 317 earum
244 280 493 317 maturitatem
515 279 624 316 tacite
639 277 788 314 videtur
804 278 1086 325 innuere,quas
1103 281 1131 313 A
1148 285 1216 313 ctae
1239 285 1348 322 sunt,
1366 285 1404 313 et
1425 278 1530 326 quasi
1552 278 1740 314 crucilixae
1761 290 1865 328 genae
1888 287 1981 324 tuae,
1997 279 2026 315 si
2049 293 2143 329 qua-

95 338 235 376 fructui
261 339 506 389 comparavit.
541 342 584 375 ln
611 337 793 374 fructibus
812 337 912 373 enim
935 347 1085 384 semper

94 407 199 449 grata
216 400 422 436 maturitas.
441 403 488 436 Et
506 399 545 435 in
560 395 860 448 praecedentibus
878 407 992 445 genas
1003 394 1084 443 ejus

95 458 290 509 descripsit
315 467 358 496 ut
381 459 553 504 turturis,
574 470 621 494 eo
645 456 748 506 quod
770 455 860 492 nihil
882 455 1079 499 lascivum,

95 519 188 556 nihil
208 519 290 556 leve
302 548 311 566 ,
327 515 417 555 rfihil
432 518 604 568 petulans
618 517 656 554 in
673 515 753 565 ejus
767 522 944 565 appareat
957 514 1078 558 vultu,

95 577 159 615 sed
175 577 445 615 desideriorum
457 585 568 612 aestus
583 588 696 626 genas
712 574 811 612 dulci
825 573 1005 623 gravitate
1021 572 1082 609 de-

88 635 205 686 jiciat.
234 636 399 674 Affectus
425 635 526 672 anxii
560 635 709 671 vultum
734 633 904 670 lascivire
930 645 1006 669 non
1032 632 1083 669 si-

94 703 211 740 nunt,
239 703 278 731 et
299 694 488 731 amatoriae
513 693 777 730 meditationes
803 704 955 729 omnem
973 704 994 727 a
1014 703 1081 740 ge-

94 753 151 790 nis
176 753 362 790 levitatem
398 751 584 802 ablegant.
614 755 756 789 Turtur
788 750 973 800 siquidem
1005 749 1084 786 avis

98 812 257 849 sollicita
273 821 347 858 est,
370 812 449 849 avis
467 810 717 862 gemebunda.
740 811 867 846 Talem
888 810 968 846 vult
982 813 1082 847 Pau-

92 872 150 908 lus
166 871 349 922 virginem
369 884 470 918 esse,
490 879 531 908 ut
550 870 709 907 sollicita
732 870 779 906 sit
799 871 979 917 quomodo
995 871 1085 917 pla-

92 941 174 968 ceat
190 933 266 967 Deo
280 937 307 977 ¹,
326 944 409 981 quae
424 931 547 968 dicere
564 931 680 968 soleat
695 945 702 966 :
721 932 843 965 Sitivit
852 933 981 965 anima
1001 942 1083 965 mea

1149 335 1234 372 dam
1259 335 1433 372 edomitae
1453 344 1490 372 et
1509 337 1665 374 excultae
1692 338 1907 387 disciplina,
1929 351 2056 375 nonne
2078 339 2144 376 tibi

1148 395 1326 431 videntur
1341 396 1444 432 velut
1462 396 1642 445 fragmina
1659 396 1854 446 cujusdam
1872 398 1962 434 boni
1978 398 2144 436 fructus?

1147 457 1194 490 Et
1217 455 1254 490 in
1276 447 1595 503 consequentibus
1612 455 1658 491 ad
1684 468 1863 506 sponsum
1893 456 2032 494 dicitur
2054 458 2143 507 quia

1145 525 1257 562 genoe
1271 515 1348 559 ejus
1361 519 1454 549 sicut
1468 517 1608 550 areoloe
1621 525 1826 551 aromatum
1837 523 1863 562 7,
1876 529 1921 553 co
1938 517 2039 566 quod
2054 530 2144 555 exa-

1147 581 1237 610 ratae
1251 574 1323 610 sint
1338 583 1375 610 et
1389 575 1498 610 cultae
1515 582 1551 610 et
1567 576 1784 623 compositae
1802 576 2033 614 aromatibus
2048 591 2143 614 con-

1147 632 1331 669 fovendis.
1349 632 1407 669 Sic
1427 640 1463 668 et
1480 632 1540 668 hic
1560 645 1710 681 sponsae
1732 646 1845 681 genas
1864 635 1957 671 sieut
1976 636 2141 685 fragmen

1150 692 1238 728 mali
1264 691 1391 740 punici
1415 703 1494 727 esse
1514 690 1616 727 dicit.
1638 695 1684 728 Et
1706 691 1807 729 bona
1831 695 2055 741 confractio,
2075 710 2142 746 per

1149 764 1260 800 quam
1288 763 1364 787 non
1385 763 1488 786 mors
1508 750 1738 799 ingreditur,
1757 752 1822 788 sed
1842 753 2044 801 spiritualis
2065 756 2143 792 sru-

1150 818 1232 846 ctus
1247 810 1436 859 specimen
1454 810 1588 846 elucet.
1602 813 1714 846 Bonae
1728 823 1817 860 ergo
1837 824 1961 860 genae,
1977 826 2061 861 quse
2076 827 2144 863 per

1148 870 1397 906 humilitatem
1424 870 1474 906 ita
1503 870 1704 906 confractae
1731 878 1835 916 sunt,
1864 879 1903 906 ut
1926 871 2066 908 fruetus
2083 874 2142 909 in—

1150 930 1246 966 terni
1267 942 1345 965 non
1367 928 1546 979 perdant,
1567 929 1632 966 sed
1654 930 1770 978 magis
1791 929 1952 978 prodant
1971 931 2139 980 gratiam.

91 993 145 1027 ad
162 994 277 1027 Deum
289 990 432 1038 sontem
453 994 597 1034 vineam
612 991 760 1038 quando
785 993 937 1025 veniam
956 997 992 1024 et
1005 1002 1079 1036 ap-
1099 990 1126 1024 B
1146 989 1318 1038 Denique
1343 997 1381 1025 et
1411 989 1491 1038 ipsa
1520 989 1617 1025 mala
1648 989 1784 1038 punica
1814 998 1955 1038 gratam
1982 991 2142 1028 modesti

85 1049 230 1099 parebo
244 1048 480 1097 amesae-iem
495 1052 644 1085 Domini
657 1054 669 1069 ²
685 1050 699 1085 ?
715 1052 773 1084 An
790 1060 867 1084 non
888 1047 956 1083 tibi
971 1047 1078 1084 vide-

92 1117 154 1146 tur
170 1123 240 1146 vox
262 1109 340 1146 haec
358 1121 438 1146 esse
456 1108 638 1159 gementis
653 1110 667 1144 P
685 1107 856 1145 Gemitus
877 1115 962 1144 tuus
987 1106 1076 1143 dul-

90 1169 161 1216 cis,
185 1181 295 1218 quem
319 1169 447 1218 genuit
471 1181 587 1204 amor.
615 1166 813 1215 Quomodo
840 1179 916 1203 non
946 1179 1077 1215 graves

90 1236 129 1265 et
157 1236 310 1265 maturae
337 1240 459 1277 genae,
489 1240 581 1276 quas
612 1225 874 1277 gemebundus
901 1226 1079 1262 informat

88 1286 268 1324 affectus?
282 1287 452 1324 Gemitus
468 1286 526 1323 isti
547 1299 623 1322 non
644 1294 788 1322 tantum
809 1285 969 1334 gemitus
982 1313 991 1330 ,
1013 1286 1078 1322 sed

89 1346 302 1383 refectionis
327 1346 480 1397 gratiam
502 1354 641 1382 tenent.
668 1345 828 1389 cibabis,
852 1345 996 1393 inquit,
1012 1359 1079 1381 nos

85 1420 188 1455 pane
203 1409 449 1453 lacrymarum
463 1406 489 1440 3.
509 1409 554 1443 Et
572 1406 609 1441 in
629 1405 803 1455 praesenti
824 1405 921 1441 malo
938 1405 1078 1454 punico

90 1465 217 1514 sponsi
248 1478 361 1514 genas
394 1465 595 1510 assimilat,
621 1476 666 1500 eo
694 1463 796 1512 quod
827 1464 1006 1500 sollicitus
1040 1472 1077 1500 et

88 1523 290 1559 amatorius
309 1523 465 1560 affectus
485 1530 641 1572 cognata
657 1522 817 1571 quadam
839 1522 1051 1558 maturitate
1064 1550 1074 1567 ‚

88 1588 126 1617 et
145 1581 289 1617 vultum
315 1582 471 1627 vestiat,
487 1590 523 1618 et
541 1580 640 1617 cibet
659 1581 861 1617 intuentes.
890 1582 1076 1618 Relucens

87 1639 188 1675 enim
210 1640 247 1676 in
270 1641 360 1677 facie
380 1641 514 1678 mentis
539 1641 678 1690 gratia,
698 1640 870 1677 videntes
888 1641 994 1689 quasi
1015 1654 1076 1677 re-

87 1698 183 1744 ficit,
203 1699 293 1736 dum
307 1700 589 1737 dulciteraslicit
603 1728 613 1746 ,
625 1708 662 1736 et
677 1712 779 1736 suam
795 1700 831 1736 in
849 1700 940 1737 alios
959 1709 1077 1737 trans-

1143 1049 1270 1085 vultus
1291 1048 1577 1094 verecundiam,
1598 1049 1749 1086 corticis
1769 1049 1876 1086 rubei
1893 1051 2020 1088 colore
2043 1051 2141 1089 desi-

1144 1115 1272 1157 gnant.
1288 1106 1481 1157 Optimum
1499 1108 1610 1156 plane
1627 1108 1663 1143 in
1682 1108 1815 1145 Christi
1834 1122 1973 1158 sponsa
1987 1109 2141 1147 decora-

1143 1174 1313 1203 mentum
1325 1196 1334 1214 ,
1349 1166 1589 1203 verecundia.
1608 1167 1862 1213 Verecundia,
1882 1170 1986 1217 quasi
2005 1184 2140 1207 aurora

1144 1226 1315 1275 quaedam
1328 1254 1337 1271 ‚
1357 1225 1527 1262 omnium
1550 1234 1702 1262 actuum
1720 1227 1864 1263 colorat
1884 1228 2086 1278 principia,
2103 1239 2139 1267 et

1145 1285 1315 1333 virgineo
1330 1284 1489 1321 virtutes
1508 1285 1671 1334 reliquas
1690 1295 1864 1323 venustat
1887 1288 2045 1336 pudore.
2065 1292 2140 1325 Ve-

1145 1344 1325 1380 recundia
1351 1343 1452 1380 bona
1478 1357 1544 1380 sua
1569 1357 1645 1381 non
1672 1346 1886 1394 petulanter
1908 1345 2046 1395 jactat,
2063 1348 2139 1385 ”sed

1143 1416 1256 1453 parce
1280 1403 1489 1452 eloquitur,
1512 1412 1688 1440 contenta
1715 1405 1878 1442 tenuiter
1898 1406 2082 1452 innuisse,
2102 1418 2138 1445 et

1143 1477 1227 1500 eum
1248 1472 1355 1512 urget
1373 1464 1583 1500 necessitas.
1598 1468 1687 1501 Jesu
1703 1464 1823 1509 bone,
1843 1474 1982 1514 quanta
1998 1466 2138 1517 ubique

1140 1522 1368 1559 verecundia
1394 1524 1430 1559 in
1460 1524 1698 1561 sermonibus
1726 1525 1814 1561 tuis!
1832 1539 1943 1574 quam
1975 1528 2138 1577 propriis

1140 1595 1275 1632 parcus
1302 1583 1339 1618 in
1373 1582 1564 1628 laudibus,
1595 1597 1687 1632 quas
1718 1594 1868 1633 poteras
1906 1586 2138 1625 sufficienter

1141 1642 1285 1691 eloqui,
1305 1651 1378 1678 tam
1399 1643 1478 1679 sine
1500 1643 1719 1680 humilitatis
1737 1644 1898 1692 jactura,
1920 1659 2032 1694 quam
2056 1648 2136 1685 sine

1143 1702 1282 1738 damno
1301 1702 1484 1739 veritatis!
1514 1706 1558 1739 Et
1584 1717 1669 1739 cum
1698 1705 1851 1753 propria
1884 1707 2134 1756 exprimeret,

88 1757 211 1794 fundit
241 1760 465 1808 passionem.
501 1763 582 1796 Non
619 1772 770 1808 possum
806 1771 883 1795 non
920 1759 1078 1795 dulciter
1097 1762 1123 1797 C
1145 1770 1268 1798 tamen
1295 1775 1433 1798 nomen
1460 1763 1678 1811 suppressit.
1713 1767 1859 1800 Poterat
1880 1765 2028 1814 plenius
2057 1767 2136 1803 elo-

87 1818 250 1863 moveri,
274 1818 362 1855 dum
381 1819 490 1855 talem
510 1831 626 1868 penes
644 1832 702 1854 me
722 1818 868 1854 vultum
885 1818 1048 1867 depingo
1065 1832 1072 1854 ε

87 1883 125 1911 et
143 1878 333 1913 amatoriae
353 1891 456 1927 genae
478 1877 516 1913 in
538 1891 597 1913 me
617 1877 775 1913 similem
799 1878 957 1925 gignunt
978 1878 1073 1913 asfe-

87 1942 187 1970 ctum
206 1935 294 1972 dum
312 1937 578 1986 recogitantur.
605 1939 754 1983 Quanto
775 1937 889 1985 magis
910 1936 998 1972 duni
1019 1937 1076 1972 vi-

86 1992 249 2029 dentur?
268 2007 352 2030 nam
379 1994 591 2044 expressior
617 1995 711 2030 visio
739 2007 851 2043 quam
883 1995 1074 2043 cogitatus.

87 2053 254 2089 Pulchrae
273 2055 427 2089 omnino
440 2067 543 2101 gente
554 2081 563 2097 ,
577 2054 615 2088 in
635 2052 771 2100 quibus
787 2061 887 2087 tanta
901 2062 1077 2087 venustas

86 2112 242 2157 eminet,
271 2126 363 2161 quas
389 2121 492 2161 grata
520 2110 757 2148 commendat
789 2110 1000 2146 humilitas:
1024 2111 1075 2146 nil

86 2170 125 2206 in
158 2183 197 2208 se
225 2172 340 2208 altum
375 2171 576 2216 habentes,
602 2171 652 2207 nil
689 2169 872 2219 rigidum,
896 2170 960 2206 sed
991 2183 1073 2218 quae

85 2237 173 2266 sunt
202 2229 248 2266 ad
286 2230 464 2267 modestae
504 2230 722 2266 humilitatis
763 2229 1072 2279 compositionem

84 2289 247 2337 quodam
265 2289 470 2340 disciplinae
493 2289 671 2326 exercitio
692 2289 868 2325 infractae.

138 2348 172 2384 2.
208 2351 309 2385 Sicut
326 2347 524 2397 fragmen,
553 2347 696 2397 inquit,
727 2350 819 2383 'nali
840 2350 991 2396 punici,
1022 2352 1074 2383 sic

81 2421 192 2456 genoe
218 2417 305 2446 taoe.
336 2413 393 2446 An
415 2421 490 2445 non
518 2407 584 2444 tibi
611 2408 717 2457 quasi
744 2407 876 2444 fractas
899 2407 1073 2444 habuisse

84 2481 196 2517 genas
214 2470 363 2507 videtur
378 2471 457 2517 ille,
479 2470 544 2520 qui
564 2483 625 2507 eas
643 2469 746 2506 dedit
765 2468 1072 2520 percutientibus,

1141 1821 1224 1869 qui,
1241 1821 1304 1857 sed
1324 1822 1402 1870 ipse
1419 1822 1464 1858 ad
1486 1834 1633 1871 sponsae
1647 1824 1863 1872 exemplum
1884 1824 2043 1861 modesti
2060 1840 2135 1876 pu-

1142 1879 1245 1916 doris
1265 1881 1429 1917 colorem
1451 1882 1661 1931 assumpsit.
1680 1885 1761 1918 Non
1785 1882 1880 1919 hanc
1901 1883 2016 1920 niodo
2035 1897 2135 1933 prae-

1143 1939 1227 1975 dico
1248 1940 1532 1985 verecundiam,
1556 1953 1639 1987 quae
1667 1942 1854 1988 corporali
1878 1942 2017 1979 rubore
2042 1945 2137 1981 solet

1142 2011 1207 2034 ora
1222 2011 1262 2034 su
1270 1997 1459 2042 ffundere,
1476 1997 1539 2033 sed
1556 2011 1636 2033 eam
1655 2011 1738 2046 quae
1755 1999 1868 2035 totius
1881 2003 2136 2039 conversatio-

1143 2057 1199 2092 nis
1223 2064 1398 2092 venustat
1419 2057 1561 2093 faciem.
1585 2061 1674 2093 Nam
1697 2057 1794 2093 sicut
1816 2061 2006 2108 corporis,
2028 2062 2079 2099 ita
2099 2071 2135 2099 et

1141 2116 1438 2151 conversationis
1464 2128 1568 2163 gcnae
1599 2124 1685 2152 sunt
1713 2117 1904 2165 quaedam,
1932 2119 1968 2155 in
1997 2121 2135 2169 quibus

1141 2174 1232 2209 nihil
1252 2182 1307 2209 est
1330 2187 1375 2210 eo
1398 2175 1524 2210 colore
1549 2175 1707 2223 gratius,
1731 2177 1758 2211 si
1782 2189 1940 2225 operum
1963 2181 2133 2217 omnium

1140 2232 1289 2269 habitus
1304 2233 1550 2270 bumilitatem
1570 2234 1758 2280 redoleat,
1774 2236 1802 2272 si
1819 2237 1902 2285 plus
1918 2240 2081 2276 occultet
2095 2241 2133 2277 in

1140 2292 1275 2337 corde,
1301 2306 1412 2342 quam
1439 2301 1601 2330 ostentet
1622 2295 1659 2330 in
1690 2295 1794 2331 faeie.
1823 2297 1993 2345 Denique
2019 2307 2055 2335 et
2075 2300 2136 2336 hic

1140 2351 1229 2387 dicit
1243 2366 1249 2387 :
1268 2350 1554 2400 Sicntsragmen
1572 2356 1664 2388 [nali
1672 2358 1805 2401 punici
1816 2382 1827 2397 ,
1846 2359 1895 2389 sic
1908 2369 2019 2402 genoe
2035 2367 2110 2393 tuae
2121 2389 2131 2403 ,

1139 2410 1277 2458 absque
1293 2414 1442 2447 occultis
1458 2416 1541 2449 mix.
1560 2415 1674 2448 Bonae
1688 2426 1810 2461 genae,
1828 2427 1911 2462 qua„¹
1931 2415 2025 2452 sicut
2043 2419 2134 2455 nibil

1139 2470 1280 2507 habent
1305 2471 1541 2518 simulatum,
1575 2473 1624 2509 ita
1650 2475 1808 2510 multum
1836 2475 1975 2511 liabent
2002 2480 2135 2515 occul-

84 2527 187 2565 dedit
205 2529 448 2576 vellentibus,
469 2538 503 2566 et
526 2543 601 2566 non
629 2530 764 2566 avertit
784 2542 804 2566 a
825 2528 1070 2578 conspuenti-
1089 2531 1121 2564 D
1139 2538 1279 2575 tatum3
1307 2543 1392 2579 quae
1422 2531 1516 2567 sicut
1539 2532 1630 2568 nibil
1660 2534 1820 2582 lingunt,
1847 2534 1898 2569 sic
1923 2548 1991 2571 ncc
2013 2545 2132 2574 totum

84 2587 178 2625 bus⁴
194 2591 325 2627 PBona
340 2590 491 2640 quidem
512 2590 589 2626 baec
611 2589 763 2634 fractio,
790 2601 859 2638 per
880 2602 990 2638 quam
1011 2588 1072 2624 in-

85 2648 200 2684 terior
215 2649 328 2698 coepit
347 2650 466 2685 virtus
480 2649 663 2694 eminere,
681 2657 717 2684 et
731 2661 814 2697 quae
831 2648 929 2684 intra
951 2647 1073 2683 carnis

85 2707 259 2744 corticem
277 2707 573 2744 concludebatur
586 2736 595 2753 ,
613 2721 810 2757 erumpere
826 2707 955 2757 gratia.
975 2710 1073 2754 Qua-

85 2765 115 2802 si
135 2768 322 2804 confracta
341 2768 490 2804 videtur
509 2776 609 2803 tanta
627 2767 806 2818 dignitas,
825 2767 870 2804 ad
892 2766 1074 2817 passionis

86 2825 256 2862 inaniens
283 2839 320 2862 se
349 2827 465 2876 ipsam
494 2827 647 2876 injurias
669 2842 676 2863 :
700 2827 763 2863 sed
794 2841 860 2877 per
889 2827 967 2863 liaec
997 2827 1073 2862 fra-

85 2893 235 2933 gmenta
254 2887 381 2923 salutis
399 2901 436 2923 se
461 2886 568 2923 nobis
589 2886 738 2923 ubertas
756 2886 901 2922 effudit.
920 2889 964 2922 Et
986 2895 1023 2922 tu
1045 2886 1074 2922 si

87 2943 290 2994 adimpleas
310 2959 352 2982 ca
370 2959 454 2995 quae
479 2946 612 2983 desunt
633 2947 846 2996 passionum
871 2946 1006 2983 (ltu-isti
1036 2947 1072 2982 in

86 3017 197 3040 carne
228 3005 325 3050 tua⁵,
350 3006 378 3042 si
408 3015 534 3055 portes
566 3007 736 3054 stigmata
764 3006 897 3043 Christi
926 3010 1013 3043 ,lesu
1038 3006 1073 3042 in

85 3076 244 3113 corpore
266 3064 370 3112 tuo⁶;
387 3065 464 3115 jam
487 3066 550 3103 tibi
573 3066 661 3102 dicit
680 3067 860 3109 Christus,
877 3067 963 3115 quia
984 3071 1076 3101 sicu(

135 3202 267 3230 ¹1(',‹u·.
291 3205 457 3235 v11.39..-

92 3253 139 3281 17.
160 3270 191 3272 -ν
216 3252 358 3283 7Cautic.
376 3265 405 3290 v,
430 3258 477 3284 153.

486 3220 490 3222 -
515 3207 525 3222 ²
547 3203 611 3232 l‘sal
636 3213 712 3238 xm,
736 3205 763 3232 a.

854 3201 956 3231 {vs-l.
980 3212 1078 3229 [xxix
1095 3224 1101 3233 ,

1139 2590 1360 2635 effundunt;
1397 2604 1480 2640 quae
1511 2592 1634 2629 minus
1658 2594 1901 2642 prcetendunt
1932 2596 1968 2632 in
1994 2599 2131 2646 specie,

1138 2663 1249 2699 quam
1274 2659 1402 2687 tenent
1420 2651 1458 2687 in
1480 2652 1630 2688 virtute.

1202 2709 1240 2747 3.
1270 2713 1430 2746 Possunt
1453 2710 1531 2746 haec
1558 2710 1603 2746 ad
1631 2711 1829 2748 interiores
1856 2715 1989 2750 animm
2019 2729 2131 2764 genas

1140 2769 1269 2805 referri
1283 2798 1291 2814 ‚
1310 2782 1394 2817 quae
1411 2769 1448 2804 in
1471 2770 1709 2806 conscientiae
1732 2771 1822 2807 facie
1843 2781 1928 2808 sunt
1942 2801 1950 2814 ,
1974 2773 2037 2811 ubi
2056 2789 2131 2813 non

1140 2827 1272 2872 honio,
1301 2827 1363 2863 scd
1400 2831 1498 2863 Deus
1527 2829 1640 2865 ridet.
1676 2829 1797 2866 llabct
1827 2831 2010 2881 cujusque
2039 2849 2132 2872 con-

1140 2887 1290 2923 scicntia
1316 2887 1515 2935 quamdam
1538 2889 1730 2938 propriam
1756 2890 1897 2928 facicm.
1925 2892 2012 2941 Ejus
2028 2908 2133 2944 ‘gena‘

1139 2946 1356 2983 verecundo
1385 2947 1604 2984 humilitatis
1631 2948 1767 2985 rubent
1793 2951 1937 2997 colore,
1959 2953 1987 2988 si
2020 2967 2135 3002 penes

1141 3020 1178 3043 se
1195 3019 1310 3056 opera
1327 3019 1401 3042 non
1414 3006 1546 3054 jactet,
1563 3021 1638 3044 non
1659 3009 1870 3057 magnificet
1887 3013 2037 3057 merita,
2058 3027 2132 3050 non

1142 3067 1201 3102 illa
1222 3066 1356 3102 eximia
1381 3075 1508 3116 putet,
1530 3067 1593 3103 sed
1617 3076 1688 3104 tani
1712 3069 1844 3117 exigua
1867 3071 2016 3118 pudeat.
2043 3075 2134 3118 Quis

1931 3201 1944 3222 ‘³
1963 3204 2063 3233 (zatun.
2085 3218 2094 3233 ι
2108 3218 2127 3236 ι.

1129 3204 1157 3229 (ι.
1253 3201 1264 3225 -ἱ
1289 3201 1354 3230 lsai.
1378 3212 1414 3232 ι..
1437 3205 1467 3230 (ἲ.
1517 3220 1527 3222 ἡ
1553 3199 1563 3221 ’5
1585 3201 1701 3231 (tunm.
1731 3214 1760 3234 ι,
1793 3205 1843 3232 '‘i.
