2418 3949
177 235 275 273 1045)
766 237 832 272 DE
862 236 1037 272 TRIBUS
1065 237 1335 274 PRAECIPUIS
1365 238 1632 275 MYSTERIIS.
2128 241 2225 278 1050

160 312 349 362 principio
373 311 474 362 apud
498 316 620 349 Deum
633 340 642 357 ‚
668 312 808 349 factum
830 320 887 349 est
904 312 1065 350 verbum
1085 311 1215 350 ab-⁵²⁶
1228 321 1393 350 tentator
1411 328 1450 351 se
1466 316 1734 364 transfigurans
1753 315 1791 351 in
1813 316 1998 365 Angelum
2019 317 2133 364 lucis,
2152 319 2224 356 sub

161 371 371 409 breviatum
389 379 413 409 ¹.
436 375 482 409 Et
503 371 588 408 vide
607 384 722 421 quam
742 371 1026 417 abbreviatum,
1045 385 1158 422 quam
1175 379 1207 413 A
1225 373 1350 422 specie
1377 374 1468 409 recti
1499 382 1534 410 te
1560 374 1687 411 fallere
1715 376 1853 425 possit3
1883 377 1979 413 sicut
1998 379 2134 424 Evam,
2164 379 2226 415 cui

160 432 406 479 immensum,
432 445 545 481 quam
569 431 685 468 breve
712 432 862 468 factum.
891 435 994 469 Intra
1020 432 1156 482 puellae

161 492 305 529 viscera
333 505 371 528 se
401 492 534 529 clausit
560 506 569 528 ς
595 491 648 527 ibi
672 491 885 541 sanguineis
904 491 1157 528 circumdatus

160 552 447 597 involumentis,
466 550 575 587 taedia
595 563 732 587 novem
751 551 935 587 mensium
952 550 1154 587 sustinuit:

161 610 299 647 deinde
314 611 350 646 in
366 611 486 647 lucem
503 609 627 646 editus
641 610 863 646 infantiliter
876 609 1008 659 vagiit,
1023 609 1157 659 pannis

162 668 403 706 sordentibus
441 681 546 705 more
585 669 744 705 miseriae
778 677 916 706 nostrae
954 669 1157 719 implicitus

163 738 237 775 est,
257 737 294 766 et
313 729 424 765 fascia
447 729 694 774 constrictus,
713 729 752 765 in
772 729 932 778 praesepi
947 728 994 765 ad
1010 727 1157 764 afflatus

163 788 361 825 brutorum
387 787 605 823 animalium
638 788 861 831 reclinatus,
896 795 933 823 et
960 787 999 823 in
1027 786 1158 823 fetenti

162 846 311 884 stabulo
326 846 435 895 juxta
450 846 580 882 matris
595 847 814 896 pauperiem
832 846 1048 896 deponitur.
1066 848 1158 893 Quae

162 906 274 942 docet
292 905 434 951 littera,
458 917 542 953 quae
566 905 736 954 loquitur
760 905 909 954 lingua,
934 918 1018 955 quae
1043 917 1157 941 mon-

161 973 282 1002 strant
298 965 491 1014 exempla,
513 965 729 1014 quempiam
761 966 995 1002 nascentium
1020 965 1060 1001 in
1084 964 1158 1001 hu-

163 1037 275 1061 mano
301 1037 438 1074 genere
466 1025 548 1060 talis
574 1024 715 1074 inopiae
739 1038 916 1075 pressura
944 1024 1161 1062 laborasse?

163 1085 340 1123 Omnium
358 1084 457 1121 nutri
465 1093 523 1121 tor
537 1084 704 1121 humano
724 1085 818 1122 lacte
833 1085 1017 1131 nutritur3
1034 1083 1163 1121 sordet
1178 1085 1207 1119 B

162 1144 200 1179 in
222 1143 377 1192 pannis,
395 1155 442 1179 ne
470 1151 510 1179 tu
529 1142 702 1180 sorderes
727 1143 765 1179 in
792 1144 967 1192 peccatis.
988 1144 1159 1181 Circum-

163 1202 300 1239 ciditur
323 1203 361 1239 in
385 1215 517 1248 carne,
536 1211 578 1239 ut
602 1211 641 1239 tu
667 1202 946 1239 circumcidaris
962 1204 1001 1239 in
1018 1211 1156 1239 mente.

162 1263 342 1299 Humiliat
362 1275 402 1299 se
425 1262 495 1299 sub
526 1262 700 1299 manibus
727 1263 783 1300 sui
811 1263 911 1300 servi
937 1263 1094 1300 Joannis
1119 1263 1158 1299 in

160 1321 326 1358 Jordane
346 1321 612 1372 baptizandus,
634 1335 711 1359 non
728 1330 771 1359 ut
789 1323 932 1372 aliquas
955 1323 1121 1360 maculas
1138 1335 1160 1359 a

162 1394 202 1419 se
220 1380 368 1427 abluat,
389 1382 454 1431 qui
481 1382 670 1431 ingressus
690 1391 745 1418 est
770 1382 954 1419 mundum
979 1382 1060 1418 sine
1081 1395 1160 1418 lua-

164 1441 268 1488 cula,
287 1442 353 1491 qui
372 1450 567 1492 peccatum
589 1455 667 1479 non
690 1443 795 1487 fecit,
816 1455 885 1478 nec
911 1442 1089 1478 inventus
1105 1450 1162 1479 est

164 1502 274 1538 dolus
292 1502 333 1538 in
349 1515 415 1539 ore
435 1501 537 1551 ejus;
559 1502 624 1538 sed
644 1511 685 1539 ut
706 1501 774 1538 tibi
793 1502 997 1539 sanctificet
1018 1515 1133 1551 aquas
1149 1530 1159 1547 ,

164 1570 201 1598 et
234 1569 410 1598 contactu
444 1574 521 1598 suae
555 1561 810 1598 mundissima:
842 1561 966 1598 carnis
993 1561 1164 1598 conferat

163 1622 270 1670 aquis
297 1622 373 1658 vim
400 1622 696 1671 regenerativam
726 1622 798 1659 tuis
818 1620 1048 1658 facinoribus
1074 1619 1163 1658 abs-

166 1681 368 1730 tergendis.

217 1742 254 1777 8.
270 1744 358 1778 Mox
373 1739 605 1790 baptizatus,
624 1749 667 1777 ut
681 1740 747 1777 tibi
762 1739 930 1791 praebeat
943 1740 1160 1790 exemplum

161 1800 368 1836 sanctitatis
398 1808 436 1836 et
467 1800 649 1849 religiosae
678 1799 999 1844 conversationis,
1027 1799 1066 1835 in
1093 1798 1162 1835 de-

1222 431 1342 468 dixit:
1365 433 1405 467 Si
1431 435 1476 468 dc
1501 437 1602 482 ligno
1627 437 1877 479 comecleriti5‚
1905 441 2008 472 eritis
2026 441 2121 474 sicut
2143 440 2221 484 dii,

1219 494 1376 526 scientes
1405 490 1538 526 bonum
1569 501 1604 527 ec
1630 495 1768 527 malum
1787 493 1815 529 ⁴.
1843 494 1987 530 Resiste
2016 495 2221 542 humiliter,

1221 550 1350 586 resiste
1370 558 1496 595 caute,
1522 551 1650 587 resiste
1676 552 1882 600 patienter.
1902 555 2044 589 Fidelis
2063 564 2117 591 est
2145 558 2224 591 Do-

1222 613 1361 652 minus,
1382 609 1433 644 ait
1451 609 1663 659 Scriptura,
1684 615 1747 658 qui
1771 625 1844 646 non
1867 618 2036 659 patietur
2054 627 2118 650 vos
2139 624 2223 650 ten-

1222 672 1296 704 tari
1310 681 1424 716 supra
1443 670 1484 703 id
1498 671 1786 718 quodpoeestis;
1802 675 1870 707 secl
1879 672 2001 720 saciet
2013 679 2125 710 etiam
2142 689 2222 711 cum

1221 732 1425 763 tentatione
1436 738 1652 775 proventum
1665 757 1675 773 ,
1698 739 1738 765 ut
1748 736 1900 778 possitis
1913 737 2092 768 sustinere
2107 732 2132 769 ⁵.
2153 736 2227 780 Qui

1222 789 1374 830 vicerit,
1392 785 1535 833 inquit,
1547 784 1697 831 faciam
1714 790 1814 822 illum
1832 791 2038 826 columnam
2067 796 2104 826 in
2131 801 2227 828 lem-

1219 847 1284 893 plo
1303 859 1382 880 meo
1396 843 1411 866 ⁶
1431 860 1438 881 ε
1465 858 1692 896 rursumque
1712 848 1782 893 ait,
1807 850 1880 894 Qui
1898 854 2047 896 vicerit,
2075 851 2172 887 dabo
2192 857 2230 888 ei

1224 906 1332 939 edere
1357 906 1404 939 cle
1433 907 1532 952 ligno
1552 910 1662 949 victe,
1683 908 1784 954 quod
1801 917 1855 941 est
1882 912 1920 942 ia
1944 913 2130 956 paradiso
2152 914 2227 946 Dei

1225 968 1333 999 meiss.
1356 964 1486 1000 Dulcis
1505 965 1728 1013 promissio,
1758 974 1794 1002 et
1815 966 1904 1002 felix
1932 966 2104 1006 bravium
2126 970 2223 1007 bene

1227 1023 1413 1067 currenti,
1433 1022 1543 1059 beata
1560 1037 1702 1060 corona
1719 1024 1817 1061 bene
1840 1026 2019 1064 vincenti.

1279 1083 1314 1119 9.
1332 1082 1415 1119 Tibi
1437 1096 1546 1132 ergo,
1563 1096 1586 1119 o
1606 1083 1737 1127 homo,
1758 1092 1921 1121 tentatus
1940 1094 2019 1131 est,
2039 1100 2114 1123 non
2130 1088 2224 1134 sibi;

1225 1141 1290 1179 tibi
1309 1143 1415 1187 vicit,
1440 1155 1518 1178 non
1536 1142 1631 1188 sibi;
1656 1142 1723 1180 tibi
1743 1144 1920 1190 esurivit,
1943 1145 2008 1181 tibi
2026 1147 2166 1191 sitivit,
2189 1157 2226 1184 et

1223 1201 1483 1238 lassitudinem
1501 1202 1680 1238 sustinuit
1695 1217 1704 1247 ;
1723 1211 1883 1252 propter
1900 1211 1934 1239 te
1950 1204 2168 1254 opprobriis
2188 1216 2225 1243 et

1225 1262 1463 1298 contumeliis
1491 1270 1680 1298 saturatus
1706 1270 1782 1308 est,
1805 1270 1842 1298 et
1862 1272 2021 1313 propter
2042 1273 2076 1301 te
2094 1279 2226 1304 omnes

1225 1322 1419 1371 passiones
1437 1334 1540 1366 suas,
1555 1334 1648 1370 quas
1666 1321 1837 1371 oportuit
1855 1330 1890 1358 et
1907 1322 2052 1369 decuit,
2069 1326 2224 1375 accepit.

1224 1382 1322 1418 Nihil
1353 1390 1503 1418 tuorum
1527 1381 1741 1418 defectuum
1766 1390 1902 1430 praeter
1931 1392 2128 1432 peccatum
2149 1397 2170 1420 a
2186 1398 2225 1422 se

1225 1440 1384 1476 exclusit
1407 1454 1414 1476 :
1439 1448 1597 1490 propter
1626 1448 1661 1475 te
1686 1440 1946 1489 multipliciter
1965 1451 2144 1490 operatus
2171 1453 2227 1480 est

1227 1500 1384 1536 salutem
1411 1500 1449 1535 in
1471 1499 1596 1535 medio
1628 1507 1736 1535 terrae
1751 1528 1760 1545 ,
1783 1508 1956 1536 mortuos
1983 1501 2199 1539 suscitando
2214 1532 2223 1547 ,

1229 1573 1346 1596 caecos
1381 1559 1631 1596 illuminando
1649 1588 1659 1605 ,
1690 1558 1815 1596 surdis
1849 1559 2017 1596 auditum
2034 1589 2044 1605 ‚
2085 1562 2228 1600 claudis

1229 1632 1421 1669 gressum,
1455 1619 1615 1669 leprosis
1651 1619 1875 1655 munditiam
1908 1620 2164 1666 restituendo,
2192 1631 2229 1659 et

1228 1680 1447 1716 innumeras
1460 1679 1548 1715 alias
1565 1679 1722 1715 virtutes
1736 1679 1986 1728 perficiend03
2002 1693 2070 1729 per
2085 1681 2227 1731 oppida

1227 1747 1266 1775 et
1282 1738 1450 1783 castella,
1471 1751 1539 1788 per
1559 1738 1661 1775 vicos
1680 1746 1717 1774 et
1736 1739 1880 1787 plateas
1903 1741 2089 1787 cucurrit,
2111 1754 2227 1778 evan-

1228 1797 1424 1848 gelizando
1440 1797 1564 1834 verbis
1580 1806 1617 1834 et
1640 1799 1844 1848 exemplis,
1862 1799 1976 1848 signis
1991 1808 2028 1836 et
2043 1801 2225 1850 prodigiis

162 1868 303 1896 sertum
324 1859 577 1909 proficiscitur
598 1875 606 1896 :
627 1859 777 1908 jejunat
800 1859 1052 1909 quadraginta
1079 1858 1162 1895 die-
1180 1856 1207 1891 C
1226 1859 1313 1895 vitae
1329 1859 1426 1895 viam
1440 1858 1748 1895 demonstrando.
1771 1862 1822 1896 [t
1841 1860 2002 1909 amplius
2022 1862 2132 1897 etiam
2156 1861 2224 1898 tibi

163 1918 253 1965 lius,
284 1927 322 1956 et
351 1918 601 1969 quadraginta
623 1919 817 1966 noctibus,
839 1920 984 1956 nullum
1004 1919 1162 1955 omnino

163 1979 364 2029 degustans
380 1979 529 2023 cibum3
549 1979 653 2028 quod
669 1979 842 2016 liumanae
863 1978 1072 2015 infirmitati
1093 1991 1163 2027 pe—

164 2039 264 2074 nitus
288 2037 520 2088 impossibile
537 2047 609 2082 est,
628 2052 713 2088 quae
738 2039 810 2075 nisi
829 2038 1060 2088 quotidianis
1091 2038 1164 2074 ful-

164 2098 337 2134 cimentis
365 2098 492 2134 ruinas
522 2098 706 2134 stomachi
739 2098 918 2134 resarcire
954 2097 1161 2142 studuerit,

165 2157 394 2194 detrimento
408 2156 628 2194 defectionis
643 2157 865 2207 subjacebit.
881 2158 1059 2195 Esuriens
1075 2170 1163 2206 ergo

168 2220 268 2253 Deus
297 2229 344 2253 ex
375 2217 568 2253 voluntate
602 2217 800 2266 potentiae,
833 2230 878 2254 ex
910 2217 1128 2254 necessitate
1147 2222 1161 2238 ³

165 2284 366 2326 assumptae
390 2285 552 2322 naturae,
575 2277 710 2313 tentari
735 2277 912 2313 sustinuit
937 2290 958 2313 a
979 2275 1132 2312 diabolo
1153 2291 1161 2312 :

165 2336 213 2373 (le
231 2335 305 2372 eibi
322 2336 489 2386 appetitu
509 2335 723 2373 inordinato
749 2345 975 2373 tentatorem
999 2349 1076 2372 non
1094 2335 1165 2372 mi-

166 2408 236 2432 nus
252 2396 439 2445 patienter
455 2408 567 2444 quam
583 2395 772 2444 sapienter
787 2395 895 2441 vicit,
912 2403 949 2432 et
966 2395 1165 2432 confusum

167 2455 316 2504 repulit.
331 2454 417 2491 Tria
433 2454 614 2491 beneficia
635 2454 700 2491 tibi
712 2484 721 2500 ‚
741 2468 763 2491 o
783 2455 912 2500 homo,
929 2455 967 2491 in
986 2455 1058 2492 hoc
1075 2468 1167 2492 con-

167 2514 252 2550 tulit
269 2529 276 2550 :
293 2514 507 2564 exemplum
523 2514 761 2562 humilitatis,
783 2515 941 2551 formam
961 2515 1165 2565 patientiae,

166 2574 415 2611 imitationem
433 2575 600 2611 cautelae.
619 2575 829 2611 Humiliare
844 2575 872 2611 si
893 2576 1064 2620 tentaris,
1080 2575 1169 2624 quia

1228 1918 1401 1968 exempla
1416 1916 1638 1955 humilitatis
1654 1917 1869 1954 ostenderet
1889 1918 1926 1954 in
1947 1932 1985 1956 se
2003 1920 2084 1968 ipso
2096 1950 2105 1966 ,
2121 1930 2227 1957 sexto

1229 1977 1289 2014 die
1305 1987 1504 2027 antequam
1518 1986 1726 2027 pateretur,
1740 1977 1894 2015 humilis
1908 1979 1945 2015 in
1964 1979 2094 2016 humili
2111 1981 2226 2017 asello

1229 2045 1266 2073 et
1281 2036 1431 2086 abjecto
1450 2037 1725 2086 Jerosolymam
1750 2037 1880 2074 venire
1893 2066 1902 2083 ,
1922 2046 1959 2074 et
1977 2051 1997 2074 a
2024 2038 2143 2076 turbis
2165 2052 2227 2076 sa-

1230 2098 1340 2134 lutari
1357 2097 1500 2142 voluit,
1520 2106 1560 2133 ut
1574 2098 1698 2134 omnis
1715 2111 1781 2134 sua
1797 2098 1895 2134 actio
1909 2107 2006 2135 essct
2022 2107 2083 2135 tua
2102 2100 2227 2144 lectio,

1229 2166 1265 2194 et
1290 2158 1413 2193 omnis
1436 2169 1502 2193 sua
1526 2157 1602 2192 vita
1623 2165 1720 2193 esset
1748 2165 1808 2193 tua
1826 2157 2010 2193 doctrina.
2030 2162 2059 2193 A
2080 2158 2229 2207 perfido

1228 2217 1325 2255 Juda
1355 2226 1391 2254 et
1417 2217 1566 2266 perdito
1599 2216 1757 2253 traditus
1783 2226 1857 2262 est,
1881 2226 1918 2253 et
1947 2226 2123 2266 tanquam
2157 2219 2230 2255 vile

1230 2278 1457 2326 mancipium
1474 2290 1544 2326 pro
1559 2277 1710 2325 triginta
1724 2277 1887 2313 denariis
1904 2277 2079 2314 venditus
2094 2287 2149 2314 est
2162 2307 2171 2324 ‚
2190 2287 2232 2315 ut

1231 2345 1270 2372 tu
1295 2335 1549 2372 venumdatus
1569 2335 1639 2371 sub
1666 2344 1818 2384 peccato
1848 2335 2147 2385 redemptionem
2169 2350 2233 2373 ac-

1232 2396 1386 2445 ciperes.
1416 2393 1556 2431 Sedens
1583 2395 1620 2430 in
1648 2407 1755 2430 coena
1786 2407 1870 2430 cum
1901 2393 2019 2431 beatis
2039 2396 2231 2444 Apostolis

1233 2456 1328 2499 suis,
1351 2454 1473 2504 pridie
1494 2467 1606 2503 quam
1629 2462 1838 2503 pateretur,
1864 2467 2015 2490 carnem
2037 2467 2142 2491 suam
2163 2455 2232 2492 de-

1234 2516 1288 2553 dit
1317 2515 1362 2552 ad
1391 2514 1716 2559 manducandum,
1745 2523 1780 2550 et
1802 2514 2021 2563 sanguinem
2051 2527 2160 2551 suum
2186 2515 2232 2552 ad

1233 2575 1461 2620 bibendum,
1489 2583 1525 2611 et
1559 2573 1625 2610 tibi
1655 2573 1752 2610 idem
1776 2575 1996 2622 mysterium
2020 2575 2231 2611 faciendum

168 2647 244 2670 non
272 2642 328 2670 est
360 2633 480 2683 major
514 2647 646 2670 servus
680 2634 836 2670 domino
870 2647 951 2671 suo.
982 2635 1169 2671 Dominus
1189 2635 1221 2669 D
1239 2635 1411 2684 reliquit,
1432 2635 1468 2670 in
1489 2634 1546 2670 sui
1565 2633 1985 2677 commemorationem;
2003 2633 2138 2670 deinde
2157 2647 2235 2670 sur-

169 2702 332 2730 tentatus
353 2702 426 2740 est;
456 2702 608 2744 oportet
638 2702 678 2730 ut
709 2701 875 2730 tentetur
904 2707 1053 2740 servus,
1081 2694 1168 2744 qnia

170 2753 328 2790 tentatio
347 2762 403 2790 est
426 2753 502 2790 vita
527 2753 692 2790 hominis
723 2766 836 2803 super
856 2762 992 2790 terram
1010 2759 1035 2790 ².
1060 2756 1167 2801 Quo-

170 2813 269 2849 niam
293 2821 417 2850 autem
439 2813 664 2863 multiplices
680 2821 716 2849 et
739 2812 895 2850 subtiles
915 2822 1001 2850 sunt
1026 2813 1168 2850 daemo-

170 2886 258 2910 num
287 2874 530 2919 tentationes,
553 2874 737 2910 Dominus
766 2873 931 2909 insinuat
953 2875 1084 2918 Petro,
1112 2873 1171 2910 in-

170 2934 303 2982 quiens
330 2948 337 2969 :
370 2935 487 2969 Satan
518 2937 697 2981 expetivit
722 2946 785 2968 vos
814 2942 850 2968 ut
876 2932 1054 2968 cribraret
1077 2938 1173 2969 sicut

169 2991 370 3029 t1·1'ticum³.
391 2993 580 3030 Patienter
602 2993 656 3028 fer
675 2993 704 3029 si
729 2992 895 3028 tentaris.
920 2996 1011 3030 Nam
1033 3001 1070 3029 et
1094 2995 1172 3028 Do-

172 3051 296 3088 minus
323 3065 408 3088 cum
439 3060 663 3089 tentatorem
693 3065 802 3088 suum
838 3053 998 3102 imperio
1030 3054 1067 3089 in
1099 3052 1173 3088 ima

170 3112 308 3149 inferni
327 3112 562 3163 praecipitarc
586 3113 790 3162 potuisset,
809 3114 995 3162 patienter
1014 3113 1114 3157 tulit,
1136 3121 1173 3147 et

172 3172 317 3208 ratione
343 3172 546 3222 superavit.
578 3175 718 3210 Cautus
749 3180 830 3209 esto
858 3172 888 3209 si
920 3172 1093 3217 tentaris,
1126 3184 1172 3207 ne

1235 2707 1324 2744 gens
1342 2707 1362 2730 a
1382 2706 1508 2738 coena,
1524 2692 1640 2728 linteo
1661 2693 1884 2741 praecinctus
1898 2720 1907 2736 ,
1930 2693 2028 2728 misit
2044 2706 2178 2741 aquam
2197 2694 2234 2729 in

1235 2753 1374 2803 pelvim
1391 2767 1400 2796 ;
1415 2761 1451 2788 ct
1468 2765 1506 2788 se
1520 2754 1601 2788 Rex
1619 2752 1848 2800 Angelorum
1865 2751 2039 2801 deposuit
2057 2761 2143 2788 ante
2165 2766 2232 2802 pe-

1237 2813 1301 2849 des
1327 2811 1522 2847 humilium
1544 2824 1742 2846 servorum
1773 2824 1927 2846 suorum
1947 2826 1954 2847 ε
1977 2811 2232 2848 mundissimis

1241 2872 1413 2910 inanibus
1437 2881 1600 2920 tangere,
1624 2879 1781 2919 tergere,
1800 2879 1834 2906 et
1851 2870 2004 2907 abluere
2027 2885 2102 2907 non
2121 2871 2232 2908 dedi—

1237 2942 1369 2983 gnatus
1382 2941 1436 2967 est
1451 2931 1705 2967 immunditias
1721 2931 1860 2980 pedum
1884 2932 2066 2980 ipsorum,
2081 2945 2164 2980 qua¹
2182 2932 2235 2968 eis

1239 2993 1285 3029 (le
1307 2993 1385 3028 luto
1414 2992 1620 3040 platearum
1646 2990 1890 3027 adhaeserant.
1916 2994 1958 3027 Et
1984 2990 2081 3027 idem
2104 3005 2234 3027 exem-

1240 3053 1342 3101 plum
1366 3051 1514 3099 reliquit
1533 3050 1598 3086 tibi
1611 3079 1620 3094 ,
1637 3049 1765 3086 (licens
1787 3064 1794 3085 ι
1819 3055 1857 3085 Αἱ
1873 3064 1938 3097 rgo
1956 3053 2025 3085 lavi
2044 3050 2148 3086 volus
2163 3066 2235 3099 pe·-

1238 3113 1300 3146 (Ιω-
1315 3138 1324 3153 ,
1350 3111 1533 3144 Dominus
1553 3119 1587 3145 el
1602 3111 1784 3158 ,Uagistcr
1804 3120 1945 3153 1·‹·s!i·r;
1965 3120 2000 3146 ct
2022 3125 2084 3146 vus
2101 3111 2236 3146 debetis

1238 3173 1334 3205 alti-r
1352 3172 1499 3205 alterius
1515 3172 1640 3205 lavarz-
1656 3168 1813 3218 peili-5⁸.
1835 3170 1945 3208 [nde
1969 3171 2080 3219 igitur
2103 3184 2238 3220 super-

226 3302 391 3336 ¹Joan.t‚
417 3302 625 3338 t,2,3,12.
644 3317 683 3322 —
703 3299 880 3338 ²Job=u‚
905 3298 1018 3331 1.·-3
1037 3302 1111 3330 Luc.
1136 3310 1229 3337 xxti,
1248 3301 1359 3330 31.-
1380 3298 1488 3327 ⁴Gen.
1506 3301 1673 3334 111,.'›.—-
1693 3294 1706 3317 ⁵
1729 3298 1881 3330 1Cor.x.
1904 3301 1954 3329 13.
1974 3317 2010 3320 —
2029 3296 2160 3340 §Apum
2179 3309 2230 3332 ιιι,

180 3355 230 3383 ¹2.
252 3351 385 3383 —71d.
407 3363 451 3389 ιι,
474 3355 505 3384 7.
524 3371 567 3376 -
586 3353 709 3386 8Joan.
731 3363 814 3390 xiii,
840 3354 889 3384 t'u,

1383 3357 1396 3371 ³
1420 3351 1502 3382 Male
1524 3353 1629 3383 Horsl.
1649 3351 1821 3381 tiatirilale.
