2504 3928
307 222 405 256 1119

1028 220 1072 253 ΙᾸ
1109 219 1398 253 ΝΛἸἸΠἸἈἹῈ
1428 219 1622 260 uoltum,

2249 217 2346 254 1120

301 310 376 332 uon
410 295 455 330 ad
480 295 630 339 horam,
655 293 719 329 sed
746 294 781 328 iu
815 292 1086 341 sempitermun
1117 293 1287 329 includit.
1303 294 1514 328 ³¹²²nomiua
1535 301 1621 329 sunt
1645 294 1838 341 potestatis
1857 308 1862 329 :
1883 293 1946 329 sed
1967 296 2064 329 Deus
2086 295 2292 332 effunditur
2308 296 2344 331 iu

300 356 355 390 Fit
389 355 501 389 frater
534 365 638 388 meus
672 351 858 387 Dominus
890 363 1016 396 meus;
1054 359 1089 387 et
1120 351 1291 387 timorem
1309 356 1339 388 Λ
1359 361 1501 401 patrem
1522 353 1636 388 futuri
1656 352 1779 388 saeculi
1795 352 1938 400 3s0rtis,
1954 353 1990 388 in
2007 353 2214 402 principem
2231 355 2343 403 pacis.

301 413 474 458 Domini,
507 412 629 448 fratris
663 411 779 447 vineit
811 411 978 446 affectus.
1012 411 1172 447 Domine
1203 415 1290 447 Jesu

302 472 464 516 Clu-iste,
487 471 646 507 libenter
665 470 777 506 audio
801 478 835 505 tc
865 478 1082 518 regnantem
1107 471 1142 506 in
1166 471 1287 515 coelis,

302 531 477 567 libentius
498 539 707 567 nascentem
731 530 767 565 in
790 529 919 574 terris,
942 528 1184 566 libentissime
1204 544 1292 566 cru-

301 603 381 625 cem
411 590 536 625 clavos
564 597 602 624 et
631 589 797 624 lanceam
826 588 1086 624 sustinentem.
1124 592 1210 624 llaec
1240 589 1291 624 si-

303 648 454 696 quidem
483 647 616 683 ell'usio
643 647 740 695 rapit
763 646 936 682 affectum
965 660 1112 691 meum,
1135 648 1290 683 istorum

302 707 484 743 memoria
504 706 693 742 incalescit
721 719 787 741 cor
805 719 943 752 meum,
962 706 1122 742 viventis
1142 715 1178 742 et
1198 707 1292 742 vivi-

302 765 359 802 dae
379 765 545 814 potionis
562 765 762 814 asperitate
781 773 995 814 purgatum.
1019 765 1133 801 Vivus
1150 773 1204 801 est
1225 766 1292 801 iste

302 838 426 861 sermo
447 833 483 859 et
509 825 664 867 ellicax,
690 832 727 860 et
748 822 1018 873 penetrabilior
1039 824 1142 859 omni
1168 823 1290 872 gladio

303 885 468 934 ancipiti,
486 884 704 933 pertingens
721 883 898 932 usquead
916 883 1141 919 divisionem
1160 884 1293 919 animae

303 952 339 979 et
361 943 535 992 spiritus,
555 956 778 992 compagum
803 954 956 991 quoque
982 956 1023 978 ac
1045 942 1293 979 medullarum

303 1011 490 1039 scrutator
504 1009 527 1038 ¹.
548 1005 655 1039 Unus
678 1002 828 1038 illorum
849 1002 910 1050 qui
936 1002 1168 1051 prophetalis
1188 1002 1294 1038 chori

1358 412 1524 449 Breviter
1544 425 1655 447 curro
1678 424 1684 445 :
1707 411 1794 460 quia
1814 420 1851 447 et
1880 412 2056 460 fatigatis,
2081 421 2117 448 et
2145 412 2347 449 scientibus

1358 472 1476 518 legem
1494 471 1639 518 loquor.
1659 469 1756 516 Quid
1777 469 1841 505 tibi
1854 499 1863 516 ,
1882 470 2161 507 mussitabunde
2181 471 2343 515 Lucifer,

1358 531 1394 566 in
1423 538 1523 565 tanta
1549 529 1763 565 defluxione
1791 537 1828 565 et
1857 530 2065 565 effusione?
2087 531 2260 567 Clausum
2292 538 2346 566 est

1360 589 1423 624 tibi
1445 598 1563 625 totum
1581 589 1811 624 itinerarium
1831 589 1922 634 Dei,
1942 598 1978 625 et
1995 590 2201 639 malignans
2217 590 2347 626 oculus

1360 658 1444 685 tuus
1458 649 1516 684 hie
1533 649 1688 684 nimium
1705 648 1890 697 caligavit.
1916 648 1986 685 Sed
2000 649 2233 685 etDominus
2244 662 2347 685 meus

1359 707 1592 744 admirabiles·
1617 708 1684 743 fuit
1713 708 1749 743 in
1774 708 1984 753 nativitate,
2015 711 2251 744 cotm'liarius
2279 708 2348 745 fuit

1359 767 1394 801 in
1423 765 1714 814 praedieatione,
1749 767 1850 800 Deus
1878 766 1914 801 in
1940 765 2205 802 miraculorum
2233 779 2347 802 coru-

1359 827 1542 869 scatione,
1563 824 1677 871 sortis
1694 825 1731 860 in
1752 825 1943 874 passione,
1960 834 2070 873 pater
2081 824 2204 873 saturi
2222 828 2348 860 soecule'

1359 886 1396 921 in
1419 885 1710 928 resurrectione,
1735 888 1908 933 princeps
1932 889 2040 932 pacis
2069 885 2105 920 in
2128 885 2188 920 illa
2208 893 2347 921 aeterna

1360 941 1602 978 beatitudine.
1639 944 1722 977 Non
1762 942 1974 978 terreamini
2012 942 2177 978 novitate
2207 941 2346 978 verbo—-

1361 1013 1456 1045 rum,
1475 1001 1561 1048 quia
1582 999 1671 1035 nihil
1688 1012 1827 1035 novum
1846 998 2111 1035 introducitur.
2132 999 2190 1035 Sic
2205 1007 2242 1035 et
2257 999 2346 1035 olim

303 1071 367 1099 aut
391 1062 577 1112 magister,
604 1070 667 1098 aut
700 1062 797 1097 iuter
826 1061 1022 1109 magistros
1050 1069 1125 1106 cst,
1151 1060 1220 1097 sub
1243 1074 1295 1097 se-
1314 1063 1340 1096 B
1363 1061 1514 1096 nomina
1538 1067 1768 1096 commutata
1795 1067 1832 1094 et
1860 1058 1976 1094 effusa
2001 1067 2088 1094 sunt
2118 1072 2124 1093 :
2148 1057 2287 1095 Abram
2308 1059 2347 1094 in

304 1121 407 1157 naria
432 1121 648 1156 divinorum
678 1120 872 1156 nominum
896 1119 1119 1169 partitione,
1152 1119 1198 1155 de
1225 1119 1293 1155 hac

304 1179 486 1216 effusione
525 1178 745 1215 mirabiliter
790 1178 965 1227 quidem,
1005 1178 1069 1214 sed
1108 1178 1294 1214 subtiliter

303 1238 545 1287 prophetavit
564 1250 572 1272 ε
592 1237 800 1280 Vocabitur,
821 1237 957 1286 inquit,
977 1250 1108 1272 nomen
1131 1243 1210 1282 ejus
1226 1239 1292 1272 ad-

306 1298 499 1341 mirabilis,
522 1300 772 1338 consiliarum,
792 1295 1034 1342 De1‹s‚s‹›1-e1's‚
1054 1295 1297 1343 palerjicturi

305 1360 449 1399 saecali,
466 1361 642 1405 princeps
667 1360 772 1402 pacis
787 1361 812 1390 ².
840 1358 927 1390 Erat
958 1354 1110 1403 quidem
1132 1354 1296 1390 admira-

305 1415 391 1451 bilis
429 1415 614 1451 Dominus
649 1427 754 1449 meus
791 1414 889 1449 inter
921 1413 1108 1461 angelicos
1142 1413 1294 1449 ordines

304 1473 461 1510 audiens
494 1473 677 1520 hymnum
707 1471 836 1521 gloriae
866 1484 963 1515 suae;
983 1470 1212 1507 admirabilis
1243 1471 1295 1507 illi

306 1530 467 1568 mirabili
491 1540 694 1576 creaturae3
719 1530 856 1566 faciens
880 1529 1065 1565 mirabilia
1086 1530 1123 1565 in
1145 1531 1240 1566 coelo
1263 1538 1299 1566 et

305 1591 343 1627 in
369 1599 486 1635 terra,
508 1590 544 1626 in
572 1589 665 1625 mari
691 1597 729 1624 et
754 1589 792 1624 in
819 1588 996 1625 omnibus
1026 1588 1182 1637 abyssis.
1220 1592 1298 1638 Ego

305 1659 430 1687 autem
448 1650 485 1686 in
509 1650 588 1685 luto
607 1649 703 1685 faecis
719 1657 756 1685 et
774 1649 931 1685 miseriae
948 1647 1165 1694 obvolutus,
1187 1649 1299 1684 miser

307 1718 342 1746 et
361 1708 583 1745 miserabilis
603 1721 754 1744 omnem
770 1721 874 1756 spem
893 1708 1108 1756 emergendi
1125 1707 1299 1757 perdide-

308 1782 401 1804 ram.
422 1768 488 1804 Ille
509 1768 547 1803 in
564 1768 682 1816 gloria
696 1796 706 1813 ,
724 1780 793 1815 ego
815 1768 852 1802 in
875 1767 1021 1803 miseria
1039 1782 1046 1802 :
1070 1766 1299 1803 admirabilis

1360 1119 1576 1163 Abraham3
1609 1118 1711 1155 Sarai
1743 1118 1778 1153 in
1800 1121 1925 1155 Saram
1950 1118 1988 1162 -63
2019 1125 2055 1153 et
2082 1117 2110 1154 si
2137 1130 2228 1166 quas
2257 1117 2347 1154 alias

1360 1177 1640 1213 immutationes
1670 1177 1707 1212 in
1736 1177 1796 1212 illa
1817 1177 1934 1212 veteri
1957 1176 2104 1213 officina
2128 1189 2195 1212 vos
2218 1176 2348 1225 legisse

1363 1237 1535 1273 recolitis.

1418 1295 1451 1331 7.
1473 1295 1543 1331 Sed
1564 1304 1600 1330 et
1620 1294 1667 1330 ab
1685 1295 1774 1344 ipsis
1795 1307 1890 1344 pene
1918 1294 2048 1330 mundi
2069 1294 2269 1344 principiis
2283 1322 2292 1340 ,
2311 1295 2348 1330 in

1363 1365 1499 1389 arcano
1525 1353 1689 1401 quodam
1718 1354 1994 1401 Scripturarum
2018 1354 2100 1389 loco
2130 1353 2247 1390 divini
2277 1366 2349 1389 no—

1363 1411 1472 1446 minis
1489 1411 1710 1447 effusionem
1733 1412 1916 1448 invenisse
1933 1425 1991 1447 me
2008 1412 2144 1448 recolo.
2164 1412 2350 1461 Loquitur

1361 1470 1546 1506 Dominus
1566 1469 1611 1505 ad
1632 1472 1800 1518 Moysem
1821 1469 1866 1506 de
1888 1470 2109 1506 liberatione
2129 1471 2294 1517 Israelis,
2314 1479 2352 1508 et

1366 1537 1452 1577 post
1483 1528 1638 1564 multam
1668 1529 1737 1564 Dei
1765 1537 1803 1565 et
1831 1529 1951 1577 Moysi
1985 1529 2351 1577 confabulationem,

1366 1588 1551 1637 Propheta
1587 1586 1775 1624 subtiliter
1808 1588 1966 1637 inquirit
2000 1601 2139 1625 nomen
2175 1587 2269 1637 ejus.
2306 1592 2354 1626 Et

1364 1647 1548 1683 Dominus
1571 1646 1660 1682 dicit
1686 1661 1693 1682 :
1720 1648 1799 1695 Ego
1818 1660 1898 1682 sum
1920 1651 1985 1695 qui
2002 1661 2104 1692 sum,
2127 1648 2194 1683 hoc
2210 1656 2262 1683 est
2281 1662 2351 1684 no-

1365 1720 1448 1742 men
1466 1720 1585 1742 meum
1604 1710 1642 1741 itz
1661 1715 1853 1741 oeternum.
1874 1708 1967 1741 Hoec
1982 1708 2082 1742 (lices
2084 1708 2188 1754 filiis·
2205 1709 2328 1743 Israel
2341 1721 2352 1742 :

1333 1759 1337 1764 ’
1370 1769 1443 1813 Qui
1465 1775 1542 1809 est,
1569 1767 1667 1800 misit
1692 1778 1749 1800 me
1770 1767 1826 1800 acl
1850 1779 1927 1801 vos.
1957 1765 2180 1802 Perterritus
2204 1768 2353 1814 Moyses

308 1828 381 1874 ille,
399 1827 621 1864 miserabilis
638 1840 719 1876 ego.
734 1831 911 1864 Sanctum
931 1835 967 1863 et
983 1826 1147 1863 terribile
1160 1840 1298 1863 nomen
1320 1831 1346 1866 C
1363 1823 1628 1863 inextricabilis
1648 1824 1869 1860 auctoritate
1887 1823 2073 1870 vocabuli,
2088 1838 2130 1860 ac
2150 1825 2179 1860 si
2196 1824 2350 1870 diceret,

308 1887 406 1924 istud
442 1888 610 1923 clausum
643 1894 679 1922 ct
713 1886 901 1935 integrum
935 1885 1130 1935 quomodo
1164 1898 1296 1935 capere

307 1955 478 1996 poteram
493 1975 502 1991 ‚
529 1945 681 1995 quando
701 1945 764 1982 vix
785 1945 974 1994 angelicus
994 1945 1126 1982 oculus
1146 1945 1296 1995 prospi-

307 2019 404 2052 cere,
425 2005 563 2042 nedum
584 2005 798 2055 perspicere
815 2006 965 2054 potest?

359 2067 396 2101 6.
425 2065 497 2102 Sed
516 2064 602 2100 vide
619 2064 856 2100 effusionem.
875 2064 942 2099 Ille
961 2063 1026 2112 qui
1042 2071 1121 2099 erat
1135 2062 1298 2099 admira-

307 2124 392 2161 bilis
411 2123 622 2173 agminibus
640 2124 890 2177 Angelorum,
918 2123 1073 2158 inclinat
1100 2123 1236 2168 coelos,
1259 2129 1296 2157 et

307 2186 348 2219 fit
373 2184 608 2220 consiliarius
628 2183 837 2218 hominum.
863 2180 1139 2230 Majcstativum
1158 2194 1297 2217 nomen

307 2242 344 2278 in
373 2243 594 2291 pietativum
622 2241 861 2277 effunditur:
884 2249 920 2277 et
949 2242 1014 2290 qui
1045 2239 1223 2276 mirabilis
1243 2248 1298 2276 est

307 2301 345 2336 in
371 2301 491 2345 coelis,
513 2300 708 2336 consulere
743 2299 845 2335 venit
874 2300 912 2335 in
941 2300 1068 2344 terris,
1102 2298 1298 2334 abscondit

306 2373 512 2409 purpuram
531 2359 599 2395 sub
617 2359 773 2395 miseriae
788 2358 1031 2394 vestimentis.
1049 2361 1094 2393 Et
1108 2357 1154 2393 ad
1177 2358 1296 2393 lutum

307 2419 371 2455 ubi
394 2419 562 2468 jacebam
593 2419 819 2462 inclinatur,
847 2430 922 2452 non
951 2417 1131 2465 mergitur
1155 2431 1162 2451 2

307 2478 428 2514 audeo
459 2478 604 2521 dicere,
632 2477 768 2512 infixus
798 2489 879 2512 sum
909 2476 944 2512 iu
980 2476 1068 2511 limo
1092 2476 1294 2524 profundi,

308 2537 414 2585 operi
443 2549 620 2572 manuum
649 2548 798 2572 suarum
826 2535 985 2584 porrigit
1013 2535 1226 2580 dexteram3
1253 2535 1298 2571 de

1186 2425 1240 2460 et,
1267 2417 1297 2452 si

1363 1890 1444 1923 Hoc
1472 1884 1621 1922 excedit
1648 1884 1876 1921 intellectum
1907 1897 2030 1920 meum
2046 1912 2056 1930 ,
2089 1897 2166 1920 non
2197 1897 2350 1934 possum

1362 1957 1495 1994 capere
1512 1943 1586 1980 nisi
1604 1942 1822 1979 effundatur
1840 1957 1847 1978 :
1867 1941 1992 1978 audiat
2008 1955 2028 1978 a
2048 1941 2254 1990 majestate,
2271 1944 2352 1990 Ego

1361 2018 1439 2040 sum
1470 2006 1569 2039 Deus
1593 2002 1807 2047 Abraham,
1837 2004 1934 2037 Deus
1959 2004 2090 2046 Isaac,
2113 2011 2146 2037 et
2166 2003 2262 2037 Deus
2279 2003 2351 2037 Ja-

1364 2063 1428 2099 col)
1448 2062 1475 2098 ⁵.
1501 2062 1614 2099 Vides
1630 2062 1868 2098 effusionem.
1890 2064 1981 2098 Ecce
2000 2065 2103 2098 Deus
2120 2060 2352 2110 Angelorum

1364 2130 1473 2159 vocat
1490 2135 1528 2159 se
1546 2125 1668 2158 Deum
1693 2121 1902 2157 hominum.
1927 2123 2128 2157 Curramus
2144 2132 2248 2169 ergo,
2270 2119 2347 2155 fra-

1365 2190 1464 2227 tres,
1495 2181 1532 2216 in
1559 2180 1677 2217 odore
1707 2188 1987 2229 unguentorum
2015 2179 2172 2216 istorum
2197 2191 2353 2215 :curra-

1364 2254 1447 2278 mus
1467 2241 1513 2277 ad
1533 2241 1657 2277 oleum
1687 2240 1732 2276 de
1752 2240 1850 2276 oliva
1873 2241 2041 2289 speciosa
2066 2239 2104 2275 in
2125 2239 2267 2288 campis
2286 2251 2352 2274 ex—

1364 2313 1548 2349 pressum,
1564 2300 1666 2335 nulla
1683 2300 1859 2335 infectum
1877 2312 2040 2343 amurca,
2058 2298 2160 2334 nulla
2174 2298 2351 2334 infectum

1364 2359 1623 2395 amaritudine.
1645 2359 1777 2395 Oleum
1804 2358 1906 2406 quod
1928 2358 2110 2394 exhilarat
2131 2358 2260 2393 faciem
2281 2357 2352 2392 ho-

1365 2417 1495 2461 minis,
1519 2417 1621 2465 quod
1636 2425 1741 2453 sanat
1758 2417 1933 2461 vulnera,
1951 2416 2119 2452 dolorem
2139 2417 2254 2462 tollit,
2271 2415 2353 2452 red-

1364 2476 1417 2512 dit
1433 2477 1667 2512 suavitatem.
1684 2480 1815 2512 Nonne
1831 2476 2085 2512 Samaritanus
2101 2483 2229 2512 noster
2243 2474 2352 2510 nobis

1365 2550 1384 2572 a
1418 2535 1563 2572 latrone
1595 2537 1758 2585 pessimo
1789 2536 1993 2572 vulneratis
2013 2536 2136 2572 attulit
2164 2536 2293 2571 vinum
2316 2543 2353 2571 et

307 2595 505 2644 profundis
525 2607 708 2643 aquarum
729 2594 912 2639 extrahit,
929 2602 1136 2630 extractum
1157 2594 1294 2639 abluit,
1320 2598 1350 2630 D
1368 2596 1514 2640 oleum,
1538 2596 1583 2631 ad
1608 2595 1845 2644 purgandum
1864 2604 1902 2631 et
1922 2593 2166 2643 mitigandum
2186 2595 2353 2631 vulneris

307 2653 477 2690 ablutum
498 2653 640 2698 induit,
660 2653 835 2689 indutum
857 2661 1043 2702 reportat,
1067 2662 1297 2702 reportatum

306 2715 515 2749 confirmat.
532 2713 694 2761 Porrigit
709 2712 901 2748 dexteram
919 2726 1003 2748 cum
1023 2712 1197 2756 nascitur,
1213 2726 1296 2749 cum

307 2772 474 2821 loquitur
498 2772 679 2816 extrahit,
711 2770 829 2807 abluit
855 2785 938 2807 cum
967 2772 1144 2816 moritur,
1176 2771 1296 2808 induit

306 2846 390 2869 cuin
408 2832 588 2880 resurgit,
605 2844 688 2867 cum
706 2830 873 2867 ascendit
894 2839 1081 2880 reportat,
1101 2832 1296 2867 confirmat

305 2905 388 2928 cum
410 2891 586 2940 Spiritum
607 2898 776 2925 sanctum
797 2890 952 2925 remittit
969 2890 1015 2925 de
1033 2890 1148 2925 coelis.
1171 2893 1295 2926 Bonus

305 2950 457 2998 quidem
485 2952 742 2993 cana-iliarum,
770 2949 833 2996 qui
859 2949 1057 2985 consilium
1077 2949 1178 2998 quod
1202 2962 1296 2985 voce

306 3009 472 3053 dederit,
497 3017 532 3044 ct
555 3017 675 3044 morte
697 3008 876 3044 defendit.
904 3011 996 3043 Erae
1018 3013 1114 3043 euim
1138 3011 1293 3053 docens,

306 3069 356 3104 ait
385 3069 636 3116 evangelista,
669 3073 762 3102 sicut
785 3077 1004 3115 potestatem
1037 3068 1194 3111 habens,
1225 3083 1297 3104 nott

304 3132 398 3162 sicut
416 3127 554 3164 Scriba·
579 3137 613 3162 ec
632 3128 822 3162 l’ltctrisoec'
844 3141 966 3162 earum
990 3127 1009 3162 ί.
1041 3127 1296 3174 Deus,fi›rtis,

354 3259 361 3274 ¹
386 3253 483 3284 llcbr,
506 3265 548 3289 iv,
580 3258 629 3283 12.
657 3273 691 3276 —
718 3260 729 3274 ²
756 3255 825 3283 lsai.
850 3266 880 3282 ix
897 3278 903 3290 ,

302 3307 316 3327 t,
341 3307 420 3336 l‘sal.
436 3317 544 3342 cxcii,
566 3309 596 3335 2.

933 3260 962 3284 s».
987 3273 1025 3276 —
1052 3254 1064 3273 ³
1088 3258 1184 3286 Marc.
1213 3269 1239 3293 ι,
1269 3260 1320 3287 22.
1347 3275 1384 3280 ———
1408 3258 1420 3282 ’ἱ
1447 3262 1526 3287 (len.
1557 3269 1644 3293 xvii,
1673 3261 1703 3292 J),
1735 3260 1784 3287 15.
1814 3276 1846 3278 ψ

1366 2654 1691 2703 magnitudinem?
1710 2655 1781 2691 Sed
1800 2655 1960 2690 multum
1981 2655 2073 2700 olei,
2093 2667 2226 2703 parum
2245 2654 2321 2690 vini
2343 2668 2351 2689 :

1366 2715 1525 2750 multum
1542 2714 1816 2759 misericordiae,
1830 2713 1984 2762 justitiae
2003 2726 2149 2762 parum.
2172 2713 2230 2749 Sic
2246 2712 2354 2762 quip-

1363 2788 1410 2823 pe
1431 2773 1586 2810 decebat
1613 2774 1869 2819 miserantem,
1892 2774 1942 2809 sic
1959 2773 2095 2809 misero
2112 2771 2350 2822 expediebat.

1362 2836 1445 2869 lec
1463 2839 1575 2869 intres
1590 2838 1628 2868 in
1637 2835 1826 2879 judicium
1845 2846 1925 2867 cum
1942 2847 2041 2868 servo
2055 2842 2130 2877 tuo,
2146 2832 2197 2868 ait
2209 2831 2352 2880 justus,

1361 2898 1450 2941 quia
1479 2907 1551 2928 non
1572 2893 1840 2938 justificabitur
1864 2897 1901 2927 in
1929 2900 2120 2940 conspectu
2147 2901 2209 2927 tuo
2234 2896 2353 2927 onmis

1363 2958 1487 2988 vivens
1509 2950 1524 2971 ⁶
1547 2966 1553 2986 :
1575 2951 1639 2987 sed
1659 2964 1800 2987 corona
1822 2964 1880 2987 me
1899 2951 1936 2986 in
1958 2949 2211 2986 misericordia
2230 2958 2266 2985 et
2283 2950 2353 2985 mi-

1363 3009 1622 3048 serationibus.
1663 3011 1824 3047 Veniens
1857 3010 2000 3059 quippe
2035 3009 2146 3045 hodie
2184 3009 2352 3057 quinque

1364 3083 1451 3106 vasa
1483 3069 1609 3105 attulit
1640 3069 1738 3113 olei,
1771 3070 1921 3105 nonnisi
1953 3069 2029 3105 duo
2073 3068 2160 3104 vini.
2194 3067 2353 3115 Spiritus

1365 3129 1463 3165 enim
1485 3128 1696 3177 sapientiae,
1726 3129 1956 3173 intellectus,
1978 3127 2139 3170 consilii,
2160 3126 2348 3171 scicntiae,

1877 3255 1888 3277 ⁵
1918 3256 2016 3286 Fxod.
2048 3267 2109 3291 ιιι,
2142 3257 2202 3291 14,
2234 3258 2283 3285 15.
2307 3272 2350 3277 —
