2504 3928
314 186 387 222 533

983 191 1265 229 TRACTATUS
1294 195 1357 228 DE
1386 195 1673 228 CHARITA‘I'E.

377 263 436 299 75.
459 265 494 299 si
522 276 713 300 recenseas
733 264 932 313 diligenter
953 266 1109 303 effusam
1132 276 1168 305 et
1193 268 1338 305 inde-‘¹'

2271 194 2345 232 844

1425 269 1484 305 77.
1509 272 1614 304 Nune
1634 267 1745 304 etiam
1768 275 1839 305 tuae
1867 268 2186 317 prcevaricationis
2214 268 2354 307 oblitus

318 323 448 357 sessani
466 323 560 359 circa
577 333 610 359 tc
627 325 936 372 magnificentiam
955 334 991 362 et
1009 328 1298 365 munificentiam
1323 330 1348 362 Α
1370 326 1531 362 refundit
1549 325 1612 362 tibi
1638 326 1791 374 gratian!
1807 353 1816 371 ,
1833 339 1943 374 quam
1971 326 2168 373 multu-'12⁵3
2185 327 2354 364 redinte-

317 382 441 428 gratia·
462 382 546 422 Dei„
569 383 649 417 licet
672 383 750 431 ipse
769 383 815 419 sit
836 384 1018 431 generalis
1035 387 1203 422 omnium
1227 388 1303 423 dis-

320 449 528 489 pensatoi·‚x
541 441 658 477 idcbis
674 450 794 478 tamen
810 456 894 478 cum
910 443 1007 480 circa
1022 446 1305 484 commoditates

322 508 419 542 tuas,
449 500 553 548 quasi
595 509 713 537 totum
741 510 776 537 et
803 502 1039 551 singulariter
1065 514 1303 554 occupatum.

321 562 568 607 Quocumque
589 567 623 595 te
646 569 782 604 vertas,
804 560 869 597 tibi
889 562 1068 599 sollicitus
1090 571 1126 599 ct
1149 564 1304 613 diligens

320 618 496 664 provisor
520 619 677 663 assistit;
706 620 743 655 in
772 620 1063 668 intentionibus,
1084 622 1123 658 in
1151 624 1305 660 medita-

320 675 502 720 tionibus,
530 677 567 712 in
587 677 710 715 verbis
723 707 732 724 ‚
757 679 792 715 in
809 681 990 726 consiliis,
1007 681 1044 717 in
1061 682 1252 731 operibus,
1269 684 1306 720 in

317 735 497 780 adversis,
516 737 552 772 in
573 740 778 788 prosperis,
794 741 1014 786 foris,intus
1027 769 1036 786 ,
1050 741 1255 791 ejusgratia
1272 752 1306 780 te

316 796 485 843 sequitur
501 804 536 832 et
556 797 743 846 praecedit.
772 798 853 835 Tibi
879 799 1031 836 exhibet
1056 801 1093 836 in
1119 803 1220 838 omni
1245 804 1305 839 tri-

316 854 508 891 bulatione
526 857 745 892 remedium.
784 862 895 894 Sanat
923 859 1130 906 infirmam,
1163 861 1307 898 reducit

316 926 510 949 erroneam
523 916 686 963 ,corrigit
697 916 974 967 delinquentem
986 947 995 963 ,
1025 920 1240 956 consolatur
1253 921 1307 957 as-

317 972 474 1016 ilictain,
492 973 600 1023 erigit
618 974 771 1023 lapsam,
792 976 933 1012 tristem
948 977 1126 1023 laetificat,
1148 992 1217 1015 nec
1242 978 1304 1015 diu

1371 393 1447 433 grat
1469 398 1648 429 amorem,
1670 397 1780 433 quem
1802 397 2045 434 corruperas,
2068 398 2135 422 nec
2155 399 2221 422 sua
2242 385 2355 424 bene-

1372 446 1451 480 lieia
1476 444 1559 490 tibi,
1582 458 1650 481 nec
1671 453 1754 481 tuos
1774 457 1944 481 excessus
1965 444 2207 494 improperat.
2221 449 2303 483 Imo
2323 447 2351 483 si

1372 504 1561 540 humiliter
1581 512 1617 539 et
1640 504 1799 540 fideliter
1818 504 1852 540 ei
1873 503 2063 541 adhaerere
2086 504 2268 553 digneris,
2289 519 2353 542 ac—

1371 563 1575 599 cumulabit
1593 563 1747 612 gratiam
1769 576 1882 612 super
1900 563 2074 612 gratiam,
2097 571 2138 599 ut
2164 563 2357 613 pulchrior

1372 635 1483 670 quam
1513 635 1676 670 unquam
1704 621 1816 658 fueris
1839 629 1875 657 et
1894 621 2025 671 purior
2045 622 2127 668 lias,
2151 630 2188 657 et
2216 630 2356 671 quanta

1372 681 1418 717 sit
1437 682 1531 718 circa
1558 690 1592 718 te
1612 681 1762 718 dilectio
1779 681 1882 729 ejus,
1905 694 1952 717 cx
1977 681 2030 717 tui
2053 681 2178 730 lapsus
2206 694 2356 731 repara-

1372 740 1472 777 tione
1501 754 1722 790 cognoscas,
1755 741 1875 777 seiens
1902 753 2015 789 quam
2045 740 2279 777 fructuosum
2310 740 2358 777 sit

1371 812 1455 835 eum
1484 799 1658 849 diligere,
1686 799 1751 848 qui
1778 808 1850 835 tam
1877 798 2116 836 ineffabiliter
2137 808 2193 836 est
2211 798 2354 846 bonus,

1371 867 1408 895 et
1424 858 1764 909 incomparabiliter
1781 867 1996 896 mansuetus
2017 873 2024 895 :
2043 859 2145 908 quod
2162 872 2355 909 nunquam

1371 918 1526 955 fortasse
1560 919 1639 955 sine
1671 919 1761 955 tanti
1799 919 1954 968 periculi
1990 919 2222 968 experientia
2258 918 2356 955 didi-

1371 977 1500 1023 cisses,
1516 979 1678 1014 sentiens
1693 986 1726 1014 te
1741 992 1785 1014 ex
1801 979 2014 1014 infirmitate
2033 978 2165 1014 fortem
2180 1006 2190 1024 ‚
2205 991 2250 1014 ex
2268 990 2356 1014 casu

314 1031 488 1066 vacillare
505 1033 918 1072 sustinetdeiicientem.
935 1036 1048 1080 Illud,
1066 1037 1187 1073 anima
1209 1051 1308 1084 mea,
1326 1041 1353 1074 B
1373 1037 1561 1082 stabilem,
1578 1046 1724 1074 cautam
1742 1050 1787 1073 ex
1807 1037 1973 1087 periculo
1985 1066 1994 1083 ,
2011 1050 2057 1073 ex
2074 1037 2289 1073 infelicitate
2303 1037 2357 1073 se-

316 1099 491 1139 tanquam
520 1092 679 1128 animm-‘¹
709 1107 798 1130 mere
819 1097 997 1140 consulo,
1020 1096 1114 1132 sicut
1129 1097 1217 1134 alias
1245 1111 1303 1135 me

316 1151 438 1186 recolo
472 1153 683 1197 monuisse,
722 1162 761 1189 ut
798 1155 980 1203 primitias
1009 1156 1205 1192 creationis
1235 1165 1306 1193 tuce

314 1209 510 1246 attendens
523 1240 531 1256 ‚
544 1210 623 1260 jugi
641 1214 819 1249 scrutinio
836 1223 871 1249 et
889 1215 1042 1250 sollicita
1060 1215 1302 1252 meditatione

314 1269 646 1318 revolvens,quod
664 1273 867 1320 speciosam
888 1281 921 1308 te
936 1273 1034 1318 fecit,
1052 1273 1153 1321 quod
1176 1275 1303 1310 multi-

315 1327 428 1376 plices
460 1329 587 1377 gratia:
617 1329 723 1365 dotes
744 1330 902 1378 adjecit,
925 1331 1026 1379 quod
1059 1345 1142 1368 cum
1173 1341 1300 1381 postea

312 1400 380 1435 per
402 1396 435 1423 te
456 1389 551 1424 foeda
572 1398 607 1425 et
634 1390 746 1425 fetida
770 1391 862 1426 facta
890 1403 1006 1434 esseS,
1027 1392 1111 1439 pius
1133 1400 1168 1428 et
1192 1394 1302 1429 mise-

311 1446 428 1483 ricors
462 1449 623 1495 gratuita
660 1448 889 1497 benignitate
920 1462 984 1485 sua
1019 1457 1088 1485 tuae
1117 1452 1304 1488 aversioni

311 1506 561 1554 compatiens,
583 1507 678 1542 sieut
704 1515 738 1544 te
760 1520 835 1543 non
855 1509 1076 1544 existentem
1106 1508 1238 1546 dilexit
1263 1519 1305 1547 ut

310 1564 507 1611 conderet;
528 1566 578 1602 ita
609 1574 644 1602 te
664 1567 852 1604 conditam
867 1597 876 1614 ‚
906 1568 969 1604 sed
997 1568 1182 1617 perditam
1197 1597 1207 1614 ,
1239 1583 1305 1607 sua

308 1624 426 1671 gratia
446 1625 646 1673 reparavit.

375 1682 436 1719 76.
469 1684 654 1732 Loquitur
681 1685 718 1721 iu
745 1685 907 1721 Jeremia
936 1685 1019 1722 sons
1041 1685 1304 1724 misericordiae

308 1742 495 1779 Dominus
512 1743 640 1780 dicens
662 1758 669 1780 :
697 1746 813 1793 Vulgo
834 1747 980 1788 dicitur,
1002 1747 1146 1782 sslzclier
1165 1751 1196 1783 si
1216 1749 1304 1783 dor-

1370 1097 1492 1135 licem.
1519 1097 1702 1145 Quocirca
1724 1099 1858 1134 iterum
1881 1097 2003 1133 adhuc
2024 1105 2062 1133 et
2080 1097 2216 1132 iterum
2237 1109 2356 1145 usque

1371 1157 1416 1192 ad
1434 1170 1607 1193 nauseam
1625 1156 1827 1207 replicabo,
1841 1165 1881 1194 ut
1895 1156 2040 1193 assidue
2055 1157 2207 1205 cogites,
2217 1164 2357 1205 quanta

1372 1215 1497 1251 tulerit
1532 1224 1655 1252 tantus
1681 1229 1750 1264 pro
1784 1224 1818 1251 te
1850 1216 1991 1251 tantilla
2021 1223 2058 1251 et
2090 1223 2164 1251 tam
2191 1215 2355 1264 perdita,

1366 1275 1582 1322 sanguinem
1618 1283 1654 1311 ct
1686 1283 1842 1310 mortem
1875 1287 1978 1310 suam
2015 1287 2161 1323 ponens
2190 1274 2354 1324 pretium

1368 1340 1472 1368 tuum
1493 1361 1502 1377 ,
1538 1346 1622 1369 cum
1645 1334 1691 1370 sit
1719 1333 1868 1381 sanguis
1897 1333 1990 1382 ejus·
2009 1332 2286 1382 impretiabilis,
2319 1342 2356 1370 et

1367 1404 1468 1428 mors
1488 1391 1568 1439 ejus
1587 1393 1844 1428 aestimaiionis
1863 1405 1939 1428 non
1959 1392 2114 1442 recipiat
2135 1391 2301 1429 modum.

1425 1451 1485 1486 78.
1507 1451 1604 1486 Illud
1621 1451 1729 1486 etiam
1747 1463 1860 1499 super
1881 1450 2007 1486 omnia
2027 1464 2159 1486 cavere
2178 1459 2213 1487 te
2234 1464 2355 1500 opor-

1371 1516 1440 1554 tet,
1461 1517 1502 1544 ut
1519 1522 1595 1544 non
1617 1517 1835 1558 arroganter
1850 1509 1896 1545 de
1914 1510 2030 1558 ipsius
2051 1509 2168 1545 effusa
2188 1509 2354 1546 liberali-

1369 1574 1444 1604 tate
1469 1581 1689 1617 praesumas,
1718 1568 1781 1604 sed
1808 1568 1984 1604 continue
2008 1568 2168 1614 recolas,
2196 1568 2356 1617 qualiter

1369 1626 1407 1662 in
1429 1627 1599 1676 lupanari
1619 1626 1829 1676 opprobrio
1846 1627 2104 1676 prostitutam,
2121 1626 2168 1663 ab
2187 1627 2356 1664 immun-

1369 1686 1468 1723 ditiis
1485 1687 1665 1735 sanguine
1682 1699 1750 1723 suo
1766 1687 1920 1732 laverit,
1938 1686 2136 1732 amaverit,
2153 1685 2356 1736 integritati

1368 1747 1583 1783 restituerit.
1605 1750 1722 1783 Amor
1740 1746 1839 1782 enim
1859 1746 1975 1795 ipsius
1991 1745 2127 1781 violata
2149 1745 2352 1794 integrare,

310 1804 431 1836 mierit
448 1815 528 1837 cum
545 1805 711 1839 adultero
727 1807 807 1839 viro
816 1831 828 1848 ,
849 1807 1033 1851 'uunquid
1046 1814 1242 1841 revertetur
1252 1809 1306 1844 ad
1323 1813 1350 1847 C
1369 1819 1446 1842 non
1473 1806 1613 1845 violare
1639 1806 1784 1854 integra
1802 1805 2010 1842 consuevit.
2033 1804 2137 1842 Licet
2155 1812 2279 1841 autem
2297 1805 2353 1841 fa-

307 1863 429 1895 virum
458 1874 561 1897 suum
583 1868 747 1910 priorem
762 1866 782 1898 ,³
817 1864 868 1898 Tu
898 1872 1019 1898 autem
1042 1862 1240 1910 fornicata
1266 1879 1303 1902 es

307 1932 386 1954 cum
404 1921 632 1957 amatoribus
665 1924 787 1958 multis
804 1936 814 1956 :
828 1931 953 1958 tamen
972 1932 1145 1959 revertere
1160 1926 1213 1959 ad
1225 1938 1282 1961 me
1287 1953 1300 1970 ,

306 1987 341 2011 ec
375 1992 439 2024 ego
467 1984 668 2028 suscipiam
709 1990 768 2025 te,
799 1983 885 2016 dicit
914 1985 1099 2018 Dominus
1120 1989 1142 2018 ¹.
1171 1984 1243 2031 Qui
1269 1992 1304 2021 te

305 2036 484 2074 illibatam
506 2047 543 2075 et
562 2040 742 2090 integram
765 2049 975 2086 creaverat,
1000 2040 1068 2077 tibi
1086 2042 1300 2091 multiplicis

306 2097 433 2142 gratiae
451 2097 549 2134 dona
564 2100 752 2147 sponsalia
769 2100 982 2137 contulerat
999 2115 1006 2137 :
1028 2109 1067 2137 tu
1087 2114 1178 2137 vero
1198 2115 1301 2139 ama-

307 2155 452 2191 toribus
481 2158 610 2194 alienis
639 2159 860 2205 adhaerens,
893 2159 1029 2195 dedisti
1061 2172 1202 2209 sponso
1236 2169 1300 2197 tuo

306 2213 472 2250 libellum
500 2217 664 2264 repudii,
691 2226 790 2253 tuam
817 2218 1069 2266 integritatem
1093 2219 1300 2267 exposuisti

308 2273 617 2321 corruptoribus,
646 2284 682 2311 et
702 2276 851 2312 illicitos
877 2277 1073 2324 amplexus
1098 2277 1296 2323 affectans,

309 2330 540 2367 divaricabas
583 2333 696 2380 pedes
735 2342 818 2370 tuos
852 2334 1046 2382 spiritibus
1084 2335 1298 2372 immundis.

309 2389 474 2425 Tandem
496 2403 609 2438 super
628 2404 758 2427 omnes
775 2393 988 2429 meretrices
1009 2394 1092 2430 vilis
1123 2395 1216 2430 sacta
1239 2409 1299 2431 es:

313 2449 462 2483 noluisti
500 2449 722 2486 erubescere
736 2478 745 2494 ,
782 2451 846 2487 sed
878 2451 1005 2486 animo
1037 2451 1219 2488 infrunito
1255 2453 1301 2489 ad

311 2506 436 2542 illicita
459 2520 590 2552 ruens,
615 2519 649 2545 te
674 2511 790 2558 ipsam
819 2509 1045 2546 devolvebas
1069 2510 1106 2546 in
1126 2510 1300 2559 abyssum

314 2564 562 2602 damnationis
591 2576 750 2603 aetei‘nce.
778 2572 862 2617 Ipse
892 2582 982 2605 vero
1014 2577 1087 2604 tarn
1112 2570 1302 2616 excelsus,

315 2630 386 2657 tam
408 2623 654 2671 admirabilis,
677 2634 748 2662 tam
764 2635 918 2676 potens,
938 2635 1010 2663 tam
1029 2628 1203 2677 insignis,
1218 2638 1304 2678 post

313 2681 455 2730 lapsum
477 2692 547 2719 tam
568 2684 818 2722 damnabilem
833 2715 842 2731 ,
863 2687 972 2723 oculo
993 2695 1027 2722 te
1048 2689 1212 2737 respexit
1232 2690 1301 2725 mi—

312 2740 538 2778 sericordiae.
561 2746 645 2792 Ipse
666 2752 706 2780 ut
724 2753 758 2780 te
775 2744 821 2780 de
839 2745 916 2781 luto
939 2745 1115 2783 foeditatis
1129 2747 1301 2796 erigeret,

313 2799 358 2835 de
375 2813 449 2836 suae
469 2802 586 2851 gloria
609 2802 809 2851 majestatis
829 2803 1044 2849 descendit,
1066 2813 1107 2840 ut
1127 2813 1198 2842 tuae
1218 2820 1304 2843 cor-

314 2859 500 2906 ruptionis
521 2859 761 2909 ignominiam
783 2860 972 2907 aboleret,
1004 2875 1074 2911 pro
1104 2871 1139 2899 te
1152 2864 1245 2901 dura
1266 2874 1302 2902 et

312 2916 561 2963 ignominiosa
576 2920 750 2955 sustinuit
769 2935 775 2956 :
794 2928 854 2966 et,
872 2928 912 2956 ut
936 2921 1063 2969 paucis
1081 2922 1196 2959 inulta
1215 2936 1301 2959 con-

313 2976 479 3021 cludam,
502 2986 541 3013 ut
563 2987 596 3013 te
618 2977 792 3014 liberaret
811 2993 830 3014 a
853 2987 994 3026 morte,
1016 2979 1302 3018 damnatissimae

315 3047 352 3069 se
375 3036 486 3071 morti
514 3035 661 3073 obtulit.
688 3039 762 3073 Nec
784 3039 1016 3087 expressius,
1042 3052 1110 3075 nec
1134 3039 1302 3086 fidelius,

317 3106 383 3127 nec
415 3094 582 3139 dulcius,
622 3108 689 3131 nec
723 3095 919 3143 benignius
951 3096 1127 3134 exhibere
1161 3099 1302 3147 potuit,

316 3161 456 3200 quanto
476 3161 509 3189 te
528 3153 697 3202 diligeret
716 3155 902 3191 charitatis
922 3156 1067 3192 affeetu.

367 3279 504 3307 'Jerem.
523 3290 584 3315 ιιι,
608 3283 630 3309 l.
682 3287 719 3300 -2
740 3280 871 3321 Philipp.
893 3292 936 3317 ιι,
956 3285 1008 3311 21.
1025 3301 1064 3304 -r-

1091 3281 1102 3303 ³
1117 3284 1196 3314 Psal.
1219 3295 1289 3321 ενι,
1315 3289 1340 3315 1.
1361 3305 1401 3308 m
1416 3286 1522 3317 41‘sal.
1543 3298 1649 3317 vain
1668 3311 1675 3325 ,
1703 3290 1752 3318 19.

1369 1866 1462 1901 ciem
1480 1879 1584 1902 suam
1605 1878 1681 1902 non
1706 1865 1851 1910 videas,
1871 1865 1994 1913 ipsum
2022 1871 2145 1900 tamen
2167 1863 2234 1900 tibi
2255 1877 2352 1913 prae-

1369 1933 1512 1961 sentem
1536 1937 1613 1960 non
1632 1923 1791 1960 dubites.
1808 1923 1902 1960 Vide
1927 1935 2016 1971 ergo
2038 1935 2084 1958 ne
2105 1922 2228 1970 aliqua
2247 1922 2354 1959 inde-

1368 1983 1489 2019 centia
1519 1983 1591 2028 tui,
1622 1983 1751 2019 oculos
1769 1981 1963 2031 praesentis
1988 1980 2174 2026 offendas,
2201 1989 2243 2017 ut
2263 1981 2355 2019 scias

1368 2041 1626 2078 indubitanter
1653 2041 1757 2091 quod
1784 2041 1848 2090 qui
1877 2049 1911 2077 te
1938 2040 2070 2077 dilexit
2087 2048 2254 2090 turpem,
2271 2041 2355 2090 ple-

1366 2101 1450 2137 nius
1468 2109 1502 2137 te
1519 2101 1637 2149 diligit
1659 2100 1877 2150 speciosam.
1895 2098 2058 2136 Induere
2081 2111 2188 2147 crgo,
2205 2110 2352 2146 quaeso,

1366 2168 1469 2196 veste
1496 2159 1743 2204 innocentiae,
1770 2172 1863 2195 orna
1890 2167 1924 2194 te
1944 2157 2050 2207 quasi
2075 2165 2177 2193 veste
2193 2157 2356 2207 polymi-

1368 2227 1425 2263 ta,
1449 2220 1628 2256 varietate
1655 2219 1861 2263 virtutum,
1881 2226 1918 2254 et
1943 2217 2008 2266 qui
2033 2225 2067 2253 te
2088 2216 2184 2253 -tidei
2214 2217 2355 2254 annulo

1366 2277 1616 2323 subarrhavit,
1634 2278 1671 2314 in
1692 2286 1726 2314 te
1742 2277 1902 2313 odorare
1921 2277 2068 2312 laetetur
2085 2284 2252 2312 aromata
2270 2289 2355 2324 gra-

1368 2337 1515 2372 tiarum.
1542 2337 1682 2385 Dilige,
1714 2348 1862 2384 quaeso,
1886 2343 1963 2370 tota
1998 2334 2121 2370 anima
2150 2334 2354 2370 Dominum

1367 2398 1486 2431 Deum
1508 2403 1633 2440 tuum,
1662 2407 1841 2443 sponsum
1870 2402 1974 2429 tuum
1989 2421 1998 2438 ,
2021 2400 2133 2428 vitam
2155 2400 2274 2438 tuam,
2291 2405 2355 2428 so-

1368 2453 1497 2489 latium
1533 2461 1634 2489 tuum
1649 2481 1658 2498 ,
1698 2452 1893 2488 consilium
1935 2460 2039 2487 tuum
2058 2479 2067 2495 ,
2104 2451 2284 2487 auxilium
2318 2459 2355 2487 et

1368 2511 1552 2559 refugium
1576 2520 1694 2547 tuum.
1720 2511 1890 2559 Denique
1909 2510 2013 2546 illum
2040 2509 2174 2558 dilige,
2197 2510 2262 2558 qui
2289 2509 2355 2546 tibi

1324 2580 1355 2613 D
1370 2580 1425 2606 est
1444 2570 1627 2619 quidquid
1647 2569 1805 2607 amabile
1818 2599 1827 2616 ,
1845 2578 1908 2606 aut
1927 2568 2093 2619 optabile
2110 2581 2189 2605 esse
2205 2577 2329 2618 potest
2345 2583 2354 2605 :

1369 2628 1479 2677 dilige
1497 2642 1581 2665 eum
1601 2638 1699 2665 caste
1712 2658 1721 2674 ,
1743 2629 1878 2665 devote
1897 2637 1933 2664 et
1951 2636 2075 2665 sancte
2088 2656 2098 2674 ,
2116 2640 2193 2664 non
2218 2626 2355 2673 verbo,

1370 2701 1445 2723 non
1473 2689 1619 2737 lingua,
1655 2689 1719 2725 sed
1746 2702 1858 2738 opere
1885 2696 1922 2724 et
1949 2688 2119 2724 veritate.
2152 2690 2287 2734 Quaere
2316 2686 2354 2723 in

1369 2760 1496 2783 amore
1527 2756 1591 2784 tuo
1622 2761 1697 2784 non
1726 2761 1809 2796 quae
1841 2756 1903 2784 tua
1932 2755 2038 2793 sunt,
2063 2746 2129 2783 sed
2157 2759 2241 2796 quae
2268 2750 2357 2784 Jesu

1369 2805 1541 2842 Christi2.
1565 2806 1622 2843 Sic
1638 2807 1737 2843 enini
1764 2806 1920 2855 diligere
1946 2806 2131 2856 propheta
2155 2818 2225 2842 nos
2244 2805 2357 2842 doce-

1370 2863 1446 2909 bat,
1464 2878 1548 2900 cum
1567 2865 1706 2902 diceret
1726 2880 1733 2902 :
1757 2866 1986 2912 Confitemini
2005 2869 2164 2901 Domino
2181 2867 2355 2913 quoniam

1368 2922 1498 2967 bonus,·
1515 2929 1693 2971 quoniam
1716 2930 1753 2960 in
1769 2927 1946 2960 saeculam
1967 2926 2224 2960 misericordia
2240 2924 2319 2969 ejus
2328 2923 2355 2959 3.

1367 2986 1422 3019 De
1441 2983 1503 3019 illo
1527 2992 1650 3019 autem
1678 2985 1743 3033 qui
1765 2984 1900 3033 quaerit
1922 2996 2005 3032 quae
2032 2996 2098 3020 sua
2129 2991 2240 3027 sunt,
2265 2982 2357 3019 scri-

1369 3052 1473 3092 ptum
1497 3051 1552 3079 est
1570 3058 1577 3079 2
1599 3043 1839 3090 Cotfilebimr
1857 3043 1924 3079 tibi
1946 3057 2024 3078 cum
2046 3041 2266 3090 bemfeceris
2282 3046 2318 3077 ei
2326 3042 2354 3077 ³.

1424 3101 1484 3137 79.
1516 3102 1572 3138 Sic
1601 3115 1690 3151 crgo
1723 3111 1756 3138 te
1793 3110 1907 3138 totam
1936 3101 2056 3150 jactes
2089 3101 2124 3137 in
2160 3113 2266 3145 eum,
2303 3100 2356 3137 sic

1371 3160 1533 3196 amando
1552 3169 1627 3197 tota
1647 3169 1810 3198 transeas
1826 3161 1861 3196 in
1879 3169 2041 3197 amatum
2056 3189 2065 3206 ‚
2091 3167 2132 3196 ut
2157 3159 2209 3195 tui
2226 3158 2357 3206 oblita,

1931 3291 1944 3307 ⁸
1962 3286 2110 3317 Fortassis
2125 3309 2132 3322 ,
2152 3284 2272 3315 σπῆι-ιε.
