2504 3928
338 217 413 253 959

956 214 1079 248 Vl'rls
1107 214 1338 257 MYSTICA,
1369 215 1457 249 SEU
1487 212 1769 248 TRACTATUS

2300 216 2377 251 960

331 293 443 341 guine
463 290 643 340 passionis
657 316 666 332 ,
688 287 822 324 ardeus
842 287 926 335 igne
943 287 1154 333 charitatis,
1176 288 1374 325 roscida⁴⁷³¹
1386 289 1480 338 Agni
1499 288 1612 324 nostri
1632 287 1780 336 benigni
1797 291 1896 333 Jesu,
1911 300 1984 324 non
2001 296 2141 325 tantum
2156 290 2377 339 perforatuS,

333 352 518 388 cll'usioue
549 350 796 397 laerymarum
831 347 1033 384 dulcissimi
1063 352 1163 385 Jesu.
1204 349 1320 386 Flevit
1338 355 1365 388 A
1387 349 1450 385 scd
1481 357 1516 384 et
1541 348 1750 384 destructus
1770 356 1836 384 est.
1861 347 2006 384 Dicitur
2034 357 2157 385 autem
2187 357 2224 386 et
2256 349 2378 389 bonus

332 411 431 447 enim
462 418 497 445 et
522 408 764 444 contristatus
793 415 845 442 est
877 418 1032 456 propter
1062 421 1118 444 me
1139 408 1316 457 gaudium

334 483 476 514 meum,
497 469 572 504 imo
592 467 767 515 gaudium
792 467 1040 515 Angelorum,
1059 469 1242 504 Dominus
1258 472 1319 504 Je-

333 543 412 573 sus,
434 533 496 576 qui
510 557 518 572 ,
540 535 580 563 ut
596 527 645 563 ait
666 526 889 574 Apostolus,
906 528 942 561 iu
961 527 1085 562 ‹lie-bus
1101 532 1219 562 carum
1241 541 1321 562 Μαι·

331 587 493 636 ojfivwes
512 596 599 623 vota
623 595 659 621 et
677 589 963 634 .=·11ppl1’‹·11cicmes
981 588 1035 621 ad
1051 600 1132 622 eum
1153 591 1215 634 qui
1230 601 1321 634 [ms-

332 653 378 683 sit
390 646 666 694 saleumfiu·‹·rc.·
683 660 764 681 eum
788 659 812 680 (ι
827 656 941 681 merle
951 674 961 690 ,
979 659 1058 681 cum
1076 649 1236 681 clunem-a
1254 660 1322 681 va-

333 709 408 742 lida
429 715 464 742 c!
484 708 658 750 lacrymis·
671 732 679 747 ,
699 706 901 739 exaudiens
920 714 971 739 esc
981 718 1050 752 pro
1067 718 1131 739 sua
1152 718 1317 739 reveren-

333 770 384 801 tia
407 772 430 801 ¹.
449 764 565 802 Audis
580 792 588 808 ‚
610 777 676 800 c-or
697 776 771 799 non
798 776 998 808 carneum,
1022 763 1086 800 sed
1107 763 1320 813 lapideum,

332 825 437 861 illum
472 836 647 873 magnum
676 826 803 859 Jesum
835 830 871 858 et
903 823 1088 872 optimum
1120 823 1156 859 in
1190 821 1324 859 diebus

332 885 454 921 carnis
483 897 580 927 suae,
610 895 722 931 quam
753 895 822 931 pro
851 895 908 918 me
938 882 1156 919 redimendo
1181 895 1325 919 assum-

337 952 480 994 pserat,
506 942 677 991 lacrymis
695 941 955 986 immaduisse,
977 950 1013 978 et
1036 942 1158 978 adime
1179 943 1323 979 aridum

334 1004 583 1054 permanens?
612 1005 643 1039 Ο
674 1014 740 1037 cor
768 1001 927 1037 durum!
959 1001 1065 1038 audis
1097 1002 1326 1038 commoveri

1384 412 1491 444 Jesus
1504 437 1512 452 ,
1532 408 1598 443 etsi
1618 407 1836 455 purissimus
1850 436 1859 452 ,
1878 420 1958 444 esse
1979 408 2105 444 llaedus
2119 437 2128 453 ,
2151 409 2214 458 qui
2232 419 2288 446 est
2306 411 2378 447 im-

1386 467 1566 503 mundum
1587 466 1722 502 animal
1747 481 1754 502 z
1781 467 1867 514 quia
1892 480 2038 503 carnem
2061 477 2224 504 nostram
2259 481 2380 517 gesta-

1386 526 1469 571 bat,
1492 527 1638 576 plenam
1658 525 1692 560 in
1713 524 1821 561 nobis
1852 525 2099 562 immunditiis
2124 536 2378 575 peccatorum3

1388 586 1423 622 in
1450 587 1529 634 ipso
1545 598 1634 620 vero
1660 584 1750 620 nihil
1769 584 1952 632 ejusmodi
1979 584 2192 622 habentem.
2222 590 2381 636 Propter

1388 645 1560 681 eximiam
1594 657 1683 679 vero
1707 643 1927 680 munditiam
1958 648 2086 692 Agnus
2113 653 2186 690 est,
2206 645 2270 694 qui
2304 659 2379 682 non

1389 705 1508 740 solum
1527 716 1604 739 non
1625 702 1734 738 habet
1751 711 1914 751 peccata,
1931 703 1995 740 sed
2015 703 2128 740 totius
2146 704 2275 741 mundi
2297 705 2380 741 tulit

1389 770 1551 811 peccata.

1448 822 1530 857 123.
1563 820 1684 869 Hujus
1697 833 1786 870 ergo
1802 820 1898 857 haedi
1915 830 1951 858 et
1964 822 2048 870 agni
2062 822 2216 871 copioso
2229 822 2382 872 sangui-

1390 893 1450 924 ne,
1467 894 1489 915 o
1504 893 1568 915 eor
1582 880 1877 926 adamantinum,
1893 881 2073 929 inungere
2087 890 2123 918 et
2138 882 2380 931 immergere;

1387 938 1469 987 jace
1491 939 1527 975 in
1557 940 1641 985 illo,
1663 947 1702 976 ut
1728 940 1895 985 calefias,
1918 940 2134 977 calefactum
2158 942 2380 988 emolliaris,

1392 1000 1599 1035 emollitum
1630 1012 1720 1035 vero
1750 999 1888 1036 fontem
1922 1000 2168 1048 lacrymarum
2197 1001 2380 1038 effundas.

336 1076 406 1113 pro
429 1075 488 1098 me
507 1061 553 1097 ad
572 1062 752 1109 lacrymas
770 1060 888 1103 illum,
911 1060 974 1108 qui
996 1060 1031 1096 in
1053 1069 1232 1096 {eternum
1254 1069 1326 1097 stat
1346 1059 1371 1091 B
1390 1059 1552 1107 (Iopiosa
1571 1066 1695 1094 autem
1717 1071 1812 1106 aqua
1830 1071 1926 1107 opus
1945 1066 2023 1103 est,
2045 1067 2086 1094 ut
2105 1059 2291 1096 reficiatur
2311 1072 2383 1109 po—

336 1131 370 1159 et
392 1135 468 1158 non
488 1119 810 1162 commovi-bitum
839 1132 906 1156 nec.
934 1119 1055 1156 adhuc
1081 1128 1118 1155 tu
1138 1120 1182 1156 ad
1207 1121 1325 1169 laery-

336 1194 415 1217 mas
433 1179 707 1216 commoveris?
727 1178 870 1215 Addam
889 1187 924 1215 et
944 1179 1069 1227 ignem
1091 1179 1277 1215 eharitatis
1293 1189 1330 1216 et

337 1239 520 1288 passionis
540 1238 756 1285 sanguinem
771 1265 780 1281 ,
803 1237 831 1273 si
851 1237 945 1272 forte
964 1238 1127 1281 calelias,
1152 1237 1182 1273 si
1208 1238 1329 1273 emol-

335 1298 458 1342 liaris,
490 1306 529 1333 ut
553 1297 768 1333 dulcissimo
788 1299 874 1332 Jesu
897 1308 966 1344 pro
993 1295 1168 1343 lacrymis
1195 1295 1271 1330 suis
1293 1303 1330 1331 et

335 1357 527 1406 sanguinis
544 1355 727 1391 effusione
742 1355 838 1391 solas
855 1355 983 1390 saltem
1001 1354 1182 1402 lacrymas
1199 1366 1332 1402 repen-

337 1416 413 1452 das.
443 1416 573 1451 Adbuc
597 1414 731 1450 addam
751 1421 788 1449 et
819 1413 993 1448 malleum
1013 1425 1188 1460 gravem,
1208 1421 1244 1448 et
1264 1426 1331 1448 cu-

337 1487 428 1511 neos
451 1474 589 1510 ferreos
610 1472 786 1508 incutiam
806 1471 890 1515 tibi,
915 1479 956 1506 ut
973 1470 1164 1507 scindaris.
1188 1474 1277 1508 Nam
1299 1471 1329 1507 si

338 1541 396 1578 tu,
416 1546 501 1578 cor,
522 1532 616 1568 sicut
639 1539 736 1566 terra
757 1530 837 1566 sine
855 1542 952 1578 aqua
967 1557 975 1573 ,
1002 1529 1230 1574 exaruisses;
1253 1530 1330 1565 uti—

336 1605 410 1640 que
438 1591 496 1627 vel
523 1591 654 1626 leviter
681 1602 809 1639 posses
835 1589 997 1625 emolliri
1024 1589 1112 1625 solis
1137 1589 1330 1637 perfusum

337 1650 513 1699 lacrymis
550 1648 791 1698 lacrymantis
831 1652 931 1685 Jesu.
966 1647 1002 1685 Si
1035 1655 1159 1684 autem
1191 1660 1211 1683 a
1240 1647 1332 1683 facie

339 1710 488 1759 frigoris
516 1709 756 1758 iniquitatum
785 1707 999 1744 induratum
1034 1719 1073 1743 es
1105 1707 1143 1743 in
1171 1707 1330 1756 rigorem

340 1770 492 1819 lapidis;
513 1768 613 1805 addo
632 1768 879 1804 instrumenta
900 1767 1029 1811 fortia,
1046 1767 1220 1803 malleum
1242 1781 1331 1804 cru—

1390 1118 1502 1166 pulus
1536 1130 1639 1153 meus
1667 1126 1703 1153 et
1735 1116 1917 1165 jumenta.
1955 1120 2019 1153 Est
2050 1125 2174 1154 autem
2215 1119 2378 1168 populus

1395 1191 1522 1222 meus,
1555 1186 1678 1214 motus
1695 1177 1809 1213 animi
1831 1177 1902 1213 mei
1927 1177 2145 1222 rationales,
2173 1187 2384 1226 quaerentes

1395 1250 1436 1274 ea
1459 1249 1542 1285 quae
1560 1245 1704 1272 tantum
1723 1236 1869 1285 spiritui
1888 1249 1970 1272 meo
1991 1237 2235 1273 conveniunt.
2254 1237 2386 1275 Habeo

1395 1304 1432 1332 et
1447 1295 1635 1343 jumenta,
1653 1308 1788 1344 nempe
1804 1295 1894 1332 alias
1907 1296 2170 1344 cogitationes,
2191 1309 2274 1345 quae
2290 1297 2387 1333 circa

1396 1367 1545 1390 carnem
1571 1363 1823 1403 occupantur,
1847 1369 1930 1404 quae
1952 1356 2085 1392 animae
2106 1364 2280 1392 tenentur
2302 1370 2385 1393 ser-

1396 1414 1553 1449 vitutem
1571 1413 1810 1462 impendere,
1834 1422 1875 1450 ut
1890 1413 2103 1462 jumentum
2127 1429 2134 1451 ε
2156 1429 2248 1464 quas
2264 1425 2386 1453 utras-

1395 1485 1469 1521 que
1484 1472 1725 1521 cogitationes
1745 1472 1852 1508 decet
1874 1474 1973 1509 relici
1991 1474 2092 1510 fonte
2109 1475 2354 1523 lacrymarum
2371 1504 2381 1521 ,

1397 1545 1443 1567 ne
1457 1531 1493 1566 in
1512 1531 1570 1566 via
1586 1531 1670 1567 vitae
1683 1530 1796 1579 liujus
1811 1531 2006 1577 deficiant,
2027 1533 2083 1569 vel
2100 1545 2119 1569 a
2133 1542 2234 1570 recto
2250 1534 2384 1571 itinere

1397 1591 1602 1635 declinent;
1626 1599 1667 1626 ut
1688 1591 1788 1640 quod
1811 1590 1952 1627 bonum
1979 1599 2035 1628 est
2053 1591 2091 1628 in
2109 1592 2174 1637 eis,
2194 1593 2385 1630 conforte-

1398 1658 1458 1686 tur
1471 1678 1481 1695 ,
1503 1658 1540 1686 et
1557 1649 1751 1686 sordidum
1768 1649 1965 1687 abluatur:
1988 1664 2071 1700 quae
2093 1651 2212 1688 virtus
2228 1661 2386 1702 utraque

1396 1709 1435 1745 in
1468 1709 1637 1757 lacrymis
1670 1710 1871 1746 invenitur.
1900 1713 2071 1756 Quaeram
2105 1723 2194 1759 ergo
2227 1711 2330 1758 mihi,
2351 1720 2388 1749 et

1398 1768 1540 1805 utinam
1558 1769 1746 1805 inveniam
1763 1797 1772 1813 ,
1793 1769 1931 1806 fontem
1946 1769 2192 1818 lacrymarum
2209 1770 2246 1807 in
2267 1771 2388 1820 lacry-

341 1829 407 1874 cis,
430 1837 467 1865 et
485 1841 624 1864 cuneos
643 1828 834 1863 clavorum
857 1827 1063 1862 ferreorum
1076 1854 1086 1872 ,
1109 1835 1149 1863 ut
1167 1827 1238 1863 illis
1263 1827 1330 1864 tibi
1349 1828 1376 1863 C
1396 1827 1479 1872 mis,
1497 1827 1532 1863 in
1548 1840 1670 1873 cruce,
1685 1827 1723 1863 in
1739 1828 1873 1873 clavis,
1892 1837 2084 1877 postremo
2102 1837 2138 1865 et
2156 1829 2192 1865 in
2207 1830 2387 1878 sanguine

341 1888 500 1925 incussis
518 1887 717 1932 scindaris,
737 1895 774 1923 et
796 1887 936 1923 fontem
957 1886 1206 1934 lacrymarum
1228 1887 1331 1923 salu-

342 1948 448 1984 brem
476 1947 660 1983 effundas.

398 2008 482 2044 122.
507 2006 617 2054 Quod
639 2006 690 2043 sie
709 2019 777 2042 nec
796 2005 918 2042 adhuc
937 2004 1186 2041 commoveris
1199 2033 1207 2049 ‚
1229 2018 1251 2040 o
1268 2017 1334 2041 cor

341 2067 479 2104 durum
499 2075 536 2103 et
562 2066 820 2115 impoenitens,
851 2064 981 2100 durius
1000 2077 1039 2100 es
1060 2064 1161 2100 silice
1175 2092 1184 2108 ,
1209 2063 1274 2112 qui
1294 2063 1333 2099 in

341 2128 490 2165 deserto
503 2140 524 2163 a
536 2130 668 2175 Moyse
682 2125 738 2162 bis
751 2137 951 2175 percussus
966 2125 1072 2174 virga
1085 2124 1208 2161 emisit
1221 2137 1334 2173 aquas

343 2188 566 2237 largissimas
595 2193 606 2208 ²
637 2201 644 2222 :
676 2185 880 2235 praesertim
909 2198 993 2220 cum
1024 2184 1180 2220 malleus
1214 2184 1335 2220 crucis

342 2247 495 2284 Domini
519 2247 678 2283 validior
703 2246 748 2282 sit
767 2245 813 2281 ad
836 2245 1044 2281 feriendum
1060 2273 1069 2289 ,
1092 2257 1203 2293 quam
1231 2243 1335 2292 virga

342 2307 477 2354 Moysi,
498 2314 534 2341 et
555 2314 627 2341 tres
648 2305 854 2341 claviferrei
872 2304 937 2340 tibi
954 2304 1090 2340 incussi
1109 2303 1336 2339 efficaciores

344 2378 424 2401 esse
440 2364 602 2400 debeant
616 2363 661 2399 ad
679 2376 811 2411 aquam
829 2363 1076 2410 lacrymarum
1093 2361 1312 2397 eliciendam
1325 2389 1334 2406 ‚

345 2437 457 2472 quam
487 2423 676 2472 percussio
699 2422 809 2469 virgae
832 2422 950 2469 Moysi
972 2421 1171 2469 geminata.
1191 2421 1227 2457 Si
1249 2433 1338 2456 vero

345 2492 382 2519 ct
405 2483 530 2519 adhuc
553 2493 751 2531 permanes
780 2481 1042 2516 inconcussum
1060 2507 1069 2523 ,
1102 2492 1147 2515 eo
1169 2478 1271 2527 quod
1300 2480 1335 2515 in

345 2542 554 2578 adamantis
583 2540 758 2576 duritiam
791 2539 841 2575 sis
872 2551 1119 2581 conversum,
1155 2537 1219 2584 qui
1257 2537 1336 2573 solo

344 2602 438 2637 haedi
465 2600 642 2649 sanguine
665 2607 788 2648 potest
816 2598 979 2640 molliri;
1007 2598 1122 2633 affero
1145 2596 1210 2631 tibi
1242 2596 1336 2632 liaedi
1352 2602 1384 2635 D

349 2661 487 2710 pariter
503 2659 649 2707 etAgni
667 2657 974 2701 incontaminati,
993 2656 1125 2706 optimi
1139 2659 1238 2701 Jesu,
1255 2669 1338 2691 san-

344 2721 494 2769 guinem
513 2719 706 2768 copiosum
720 2746 728 2762 ‚
747 2718 872 2753 calore
893 2715 1200 2765 incomparabilis
1215 2715 1338 2751 cliari-

347 2779 431 2815 tatis
453 2779 681 2821 ferventem,
703 2776 767 2825 qui
789 2789 855 2812 sua
877 2775 1095 2811 fortitudine
1119 2775 1222 2810 illum
1251 2775 1339 2810 ada-

346 2838 554 2873 mantinum
571 2836 748 2885 parietem
767 2835 1044 2871 inimicitiarum
1062 2834 1224 2883 positum
1242 2834 1338 2869 inter

344 2899 463 2932 Deum
487 2903 522 2931 et
546 2894 758 2937 hominem,
786 2893 944 2929 omnino
965 2893 1185 2928 comminuit
1204 2900 1240 2928 et
1260 2893 1338 2928 dis—

345 2954 468 2990 solvit.
493 2954 560 2990 Hic
577 2952 698 3002 paries
716 2965 783 3001 per
805 2960 860 2987 tot
881 2964 1065 2987 annorum
1092 2951 1206 2986 millia
1227 2950 1338 2986 dura-

346 3021 464 3056 verat,
482 3024 549 3047 nec
564 3012 656 3059 lege.
673 3023 740 3046 nec
752 3010 948 3058 Prophetis
965 3009 1086 3058 ipsum
1103 3009 1337 3045 diversorum

347 3079 645 3121 praeceptorum,
675 3068 1037 3111 commonitionum,
1061 3076 1096 3103 ct
1129 3069 1339 3104 commina-

347 3131 490 3167 tionum
514 3129 654 3165 malleis
676 3127 975 3177 percutientibus
995 3127 1206 3175 aliqualiter
1223 3128 1342 3164 fuerat

345 3189 599 3226 comminutus
630 3201 636 3223 :
670 3187 733 3223 sed
756 3186 957 3223 accedente
987 3186 1166 3235 sanguine
1186 3187 1282 3223 haedi
1307 3195 1343 3223 ct

398 3322 402 3335 ¹
429 3315 524 3345 Hebr.
545 3326 576 3351 v,
598 3317 629 3345 7.
647 3333 689 3337 —
711 3321 721 3335 ²
744 3317 838 3345 Num.
856 3324 897 3342 xx
914 3336 921 3350 ‚
944 3316 993 3343 ll.
1019 3332 1059 3335 -—
1089 3311 1101 3334 ³
1117 3313 1210 3343 necti.
1226 3323 1318 3348 xxiv,
1342 3315 1393 3342 29.

1399 1886 1599 1923 rubicundi
1612 1891 1713 1924 Jesu.
1727 1891 1863 1937 Legam
1879 1900 1967 1937 ergo
1985 1896 2021 1924 et
2035 1889 2254 1939 intelligam,
2271 1902 2389 1938 quan-

1400 1954 1478 1982 tum
1507 1945 1587 1996 ipse
1615 1947 1811 1992 annuerit,
1839 1946 2015 1984 ruborem
2042 1949 2164 1984 carnis
2192 1956 2230 1984 et
2255 1949 2389 1985 animae

1399 2004 1523 2041 dilecti
1540 2018 1584 2041 ex
1603 2004 1739 2041 dilecto
1755 2006 1996 2042 amantissimi
2012 2010 2111 2044 Jesu.
2129 2005 2273 2044 Rubuit
2288 2007 2388 2044 enim

1400 2065 1437 2101 in
1456 2073 1615 2113 utroque
1629 2093 1638 2110 ‚
1658 2064 1694 2101 id
1712 2073 1768 2101 est
1785 2073 1857 2101 tam
1875 2065 1913 2101 in
1930 2078 2089 2115 corpore
2102 2094 2111 2111 ,
2131 2079 2241 2116 quam
2257 2066 2293 2102 in
2309 2066 2391 2103 ani-

1400 2137 1481 2160 ma:
1502 2124 1538 2161 in
1557 2137 1668 2161 carne
1685 2137 1730 2160 ex
1751 2133 1883 2161 natura
1897 2154 1906 2170 ,
1927 2125 2014 2174 quia
2034 2125 2252 2162 naturaliter
2267 2125 2390 2162 omnis

1400 2196 1486 2219 caro
1509 2183 1625 2220 rubea
1645 2192 1721 2228 est3
1745 2196 1813 2220 nec
1833 2184 1957 2221 minus
1977 2185 2157 2234 sanguine
2177 2185 2361 2234 passionis
2377 2212 2388 2231 ,

1401 2255 1477 2292 quo
1498 2256 1647 2280 carnem
1668 2256 1772 2279 suam
1796 2243 1976 2281 charitate
1996 2253 2124 2281 nostra
2140 2245 2390 2294 compellente

1402 2310 1475 2337 tam
1504 2301 1636 2337 crebro
1659 2310 1807 2350 tamque
1826 2302 1979 2351 copiose
2003 2302 2167 2351 perfudit
2188 2317 2195 2339 :
2219 2315 2311 2351 quas
2330 2315 2390 2339 sa-

1402 2361 1594 2396 cratissimi
1622 2361 1813 2409 sanguinis
1837 2361 2041 2398 effusiones
2066 2362 2102 2397 in
2133 2361 2391 2411 superioribus

1406 2418 1620 2466 frequenter
1650 2419 1885 2455 meminimus
1914 2433 1983 2456 nos
2013 2420 2232 2469 explicasse.
2262 2424 2304 2457 In
2335 2421 2391 2457 his

1403 2478 1517 2526 igitur
1542 2478 1696 2514 minime
1723 2478 2023 2525 immorandum,
2054 2493 2100 2515 ne
2131 2480 2260 2516 lectori
2289 2480 2391 2516 fasti-

1404 2537 1504 2572 dium
1523 2546 1735 2586 generetur.

1460 2595 1542 2631 124.
1569 2595 1639 2631 Sed
1661 2595 1743 2644 quis
1757 2623 1766 2640 ,
1793 2595 1862 2631 nisi
1887 2603 1988 2632 totus
2004 2608 2090 2632 caro
2108 2603 2145 2631 et
2163 2595 2311 2645 sanguis
2325 2623 2334 2641 ‚
2355 2604 2393 2632 et

1403 2654 1467 2702 qui
1500 2654 1538 2690 in
1571 2667 1608 2690 sc
1643 2654 1734 2690 nihil
1766 2654 1899 2690 habeat
1930 2654 2144 2703 spirituale,
2174 2655 2391 2703 sanguinem

1403 2715 1513 2750 istum
1543 2714 1727 2750 fastidiat?
1755 2714 1847 2761 Quis
1871 2714 2002 2749 voleus
2021 2726 2059 2750 se
2081 2713 2127 2750 de
2150 2712 2394 2762 sanguinibus

1404 2773 1604 2809 contractis
1631 2773 1779 2809 liberari
1795 2802 1803 2818 ,
1829 2773 1941 2809 istum
1962 2773 2202 2822 purissimum
2223 2771 2393 2809 saluber-

1404 2833 1616 2881 rimumque
1640 2833 1858 2882 sanguinem
1881 2837 1967 2869 Jesu
1994 2833 2180 2882 purissimi
2207 2845 2281 2869 non
2301 2832 2393 2869 affe-

1404 2891 1503 2927 ctet?
1525 2892 1616 2938 Quis
1642 2892 1753 2928 semel
1781 2892 1853 2928 isto
1878 2891 2092 2928 dulcissimo
2114 2891 2295 2941 sanguine
2311 2891 2393 2928 ine-

1403 2950 1545 2987 briatus
1559 2979 1568 2995 ,
1590 2964 1700 2999 quem
1721 2951 1866 3000 paravit
1886 2951 1923 2987 in
1943 2951 2140 2988 dulcedine
2156 2964 2221 2988 sua
2238 2951 2393 3001 pauperi

1404 3013 1505 3046 Deus
1517 3038 1526 3055 ,
1546 3023 1620 3046 non
1640 3011 1754 3059 magis
1770 3024 1811 3046 ac
1828 3012 1942 3059 magis
1957 3011 2073 3055 sitiat,
2095 3010 2250 3047 audiens
2267 3023 2393 3047 veram

1405 3082 1535 3105 vocem
1555 3069 1753 3118 Sapientiae
1778 3069 1868 3111 Dei,
1890 3069 2082 3119 Unigeniti
2101 3069 2218 3106 Patris
2232 3096 2241 3114 ,
2262 3068 2393 3118 optimi

1406 3131 1492 3165 Jesu
1514 3128 1672 3165 dicentis
1694 3143 1701 3164 ε
1729 3130 1803 3174 Qui
1824 3131 1936 3164 edunt
1964 3143 2039 3173 me,
2063 3129 2185 3164 adhuc
2205 3133 2363 3164 esuriem
2383 3142 2394 3162 .·

1409 3196 1444 3223 et
1460 3192 1524 3236 qui
1541 3187 1669 3224 bllmnt
1687 3201 1762 3233 me,
1780 3188 1903 3223 ocllmc
1918 3190 2041 3224 sitient
2061 3184 2074 3208 ³
2089 3189 2103 3223 Ξ)
2119 3187 2156 3224 Si
2176 3201 2307 3224 verum
2322 3195 2391 3232 est,
