2504 3928
320 186 393 219 ῦὸ.)

677 318 851 355 CAPUT
883 319 953 356 lx.

322 441 423 475 Quam
440 443 527 466 caute.
543 448 575 466 se
591 437 700 468 debeat
719 437 832 468 babere
856 439 958 470 anima
983 446 1049 480 post
1077 443 1182 481 gnatia?
1210 443 1310 473 visita-

753 498 879 522 tionem.

380 614 437 648 10.
461 613 531 649 Sed
552 627 640 649 cave
663 614 749 658 tibi,
776 630 798 650 o
826 629 961 665 sponsa
983 631 989 653 :
1008 617 1160 665 quaudo
1180 618 1308 655 absen-

324 681 373 707 tat
392 686 429 707 se
443 685 622 721 sponsus,
643 687 717 710 non
735 675 844 724 longe
862 675 977 711 abibit
991 691 999 721 ;
1015 685 1051 712 et
1065 677 1093 712 si
1112 690 1186 713 non
1206 678 1309 714 vides

320 743 428 775 eum,
451 731 530 779 ipse
549 740 670 767 tamen
689 732 791 768 videt
810 741 842 768 te
860 746 1024 782 semper,
1044 735 1178 783 plenus
1194 737 1310 772 oeulis

321 798 407 825 aute
422 798 457 825 et
473 799 584 826 retro.
603 794 801 839 Nunquam
819 801 925 841 potes
941 806 1025 828 eum
1044 794 1168 830 latere.
1190 795 1310 832 llabet

320 848 429 883 ctiam
455 849 551 884 circa
580 857 613 885 tc
635 850 789 885 nuutios
815 863 902 886 suos
922 851 1096 900 spiritus,
1121 854 1224 901 quasi
1251 867 1308 889 sa—

320 906 535 954 gacissimos
561 908 835 956 exploratores,
863 917 903 944 ut
934 909 1085 945 videant
1117 912 1309 960 quomodo

320 964 473 1000 absente
491 979 630 1014 sponso
652 968 904 1013 converseris,
931 977 966 1004 ct
991 979 1161 1006 accusent
1193 980 1226 1007 te
1244 985 1309 1007 co-

321 1037 398 1060 ram
420 1025 520 1074 ipso,
541 1026 569 1061 si
597 1027 719 1074 aliqua
738 1027 840 1075 signa
868 1028 1026 1064 lascivire
1050 1037 1086 1065 et
1112 1031 1306 1067 scurrilita-
1332 1034 1358 1067 B

321 1083 365 1118 tis
383 1083 418 1118 in
441 1092 474 1119 te
499 1083 827 1132 deprebeuderiut.
846 1087 1050 1135 Zelotypus
1076 1096 1131 1123 est
1149 1101 1308 1137 sponsus

319 1142 400 1177 iste.
422 1143 457 1178 Si
481 1143 575 1178 forte
599 1144 710 1179 alium
729 1153 930 1181 amatorem
953 1148 1157 1195 receperis,
1179 1149 1207 1183 si
1228 1149 1308 1184 aliis

320 1201 435 1248 magis
464 1201 611 1250 placere
640 1202 846 1247 studueris;
874 1204 996 1239 statim
1019 1204 1184 1241 discedet
1209 1220 1228 1241 a
1251 1215 1307 1251 te,

319 1267 355 1295 et
375 1260 455 1295 aliis
480 1260 687 1296 adhaerebit
716 1261 1015 1298 adolescentulis.
1041 1264 1228 1300 Delicatus
1254 1273 1309 1300 est

318 1333 477 1368 sponsus
496 1320 562 1355 iste
577 1347 587 1363 ,
607 1320 742 1355 nobilis
759 1329 793 1356 ct
811 1321 915 1357 (lives
932 1330 1006 1366 est,
1027 1323 1219 1370 speciosus
1238 1324 1309 1359 for-

319 1391 377 1413 ma
395 1391 471 1427 prae
491 1379 573 1414 liliis
591 1378 784 1413 bominum
800 1395 808 1423 3
826 1388 862 1414 et
878 1380 962 1415 ideo
984 1393 1059 1416 non
1080 1381 1148 1416 nisi
1165 1382 1309 1429 specio-

317 1450 393 1471 sam
422 1436 598 1484 dignatur
620 1436 756 1472 babere
782 1451 973 1486 sponsam.
1002 1439 1037 1474 Si
1055 1439 1193 1474 viderit
1213 1441 1248 1475 in
1275 1448 1309 1476 te

318 1496 499 1531 maculam
533 1496 610 1531 sive
643 1509 770 1545 rugam
789 1525 798 1540 ,
838 1497 961 1532 statim
997 1498 1132 1533 avertit
1162 1499 1304 1534 oeulos.

316 1553 463 1589 Nullam
499 1554 598 1589 enim
633 1554 907 1590 immunditiam
946 1563 1071 1604 potest
1111 1556 1305 1593 sustinere.

319 1617 405 1649 Esto
427 1627 516 1662 ergo
535 1622 652 1658 casta,
677 1622 757 1650 esto
778 1615 994 1650 verecunda
1014 1623 1050 1651 et
1071 1615 1246 1661 luunilis;
1270 1625 1308 1653 ut

317 1673 368 1709 sic
388 1686 408 1708 a
437 1686 578 1722 sponso
612 1681 676 1708 tuo
708 1674 884 1709 merearis
916 1675 1131 1722 frequenter
1153 1675 1305 1712 visitari.

316 1732 445 1768 Timeo
461 1745 507 1768 ne
524 1732 664 1768 diutius
680 1732 883 1768 detinuerit
903 1746 972 1768 nos
991 1746 1115 1769 sermo
1134 1734 1200 1770 iste
1219 1748 1226 1770 ε
1244 1735 1308 1771 sed

1053 190 1198 223 SCALA
1231 190 1320 222 CLA
1329 191 1353 223 U
1362 190 1564 224 S'I'RAle
1574 191 1606 223 M
1622 216 1630 231 ,

2287 193 2361 227 656

1352 263 1472 299 “niam
1490 265 1677 301 sitientem
1701 264 1871 300 inebriat.
1896 266 2020 301 Lectio
2041 278 2131 313 ergo
2151 274 2206 302 est
2226 280 2363 303 secuu-

1326 327 1353 359 A
1374 322 1460 358 dum
1476 324 1640 359 exterius
1656 323 1873 359 exercitium
1893 338 1900 360 ε
1923 323 2136 370 meditatio,
2157 326 2363 362 secundum

1867 382 2036 428 :oratio,
2067 383 2273 420 secuudum
2304 385 2366 421 de-

1378 442 1554 477 siderium
1573 456 1580 477 :
1597 442 1885 490 contemplatio,
1901 455 2014 491 super
2030 455 2179 478 omnem
2197 456 2361 480 sensum.

1377 502 1524 537 Primus
1552 502 1688 548 gradus
1711 510 1766 537 est
1789 502 2070 550 incipientium,
2097 503 2283 539 secundus
2311 512 2366 540 cst

1379 560 1676 608 proficientium,
1706 561 1835 596 tertius
1862 569 1917 597 cst
1943 561 2189 606 devotorum,
2211 571 2366 610 quartus

1379 618 1587 654 beatorum.

1378 382 1593 418 interiorem
1615 383 1843 418 intellectum

1741 728 1916 766 CAPUT
1948 728 2019 766 XI.

1375 858 1438 886 Nec
1459 856 1549 886 lectio
1566 855 1631 886 sine
1649 855 1867 893 meditatione,
1889 867 1945 886 nec
1961 856 2120 886 meditatio
2139 857 2206 887 siue
2227 857 2367 889 oratione

1800 909 1937 950 prodest.

1434 1034 1490 1069 12.
1517 1033 1562 1068 lti
1585 1041 1707 1068 autem
1729 1033 1865 1081 gradus
1882 1033 1931 1069 ita
1949 1034 2182 1070 concatenati
2202 1041 2310 1078 sunt,
2331 1042 2367 1069 et

1375 1091 1513 1127 vicaria
1533 1104 1604 1139 ope
1623 1091 1691 1126 sibi
1714 1091 1871 1127 invicem
1895 1091 2134 1137 deserviunt,
2152 1091 2254 1140 quod
2274 1104 2366 1140 prae-

1375 1151 1550 1187 cedentes
1573 1151 1650 1186 sine
1681 1150 1998 1199 subsequentibus
2029 1159 2094 1187 aut
2117 1164 2272 1200 parum,
2303 1159 2368 1186 aut

1374 1210 1463 1245 nibil
1487 1217 1646 1257 prosunt
1668 1223 1675 1244 :
1697 1217 1898 1257 sequentes
1925 1222 2014 1245 vero
2041 1210 2119 1245 sine
2149 1209 2368 1259 praeceden-

1376 1267 1492 1311 tibus,
1513 1276 1575 1302 aut
1596 1280 1681 1303 raro
1696 1296 1704 1312 ‚
1735 1277 1799 1303 aut
1821 1281 2013 1316 nunquam
2044 1267 2172 1304 baberi
2197 1276 2365 1317 possunt.

1374 1326 1473 1373 Quid
1501 1326 1600 1361 enim
1631 1326 1786 1374 prodest
1816 1327 1977 1363 lectione
2006 1328 2184 1363 continua
2219 1335 2368 1376 tempus

1375 1397 1581 1432 occupare,
1613 1393 1829 1421 sanctorum
1854 1394 1954 1433 gesta
1981 1394 2017 1421 et
2039 1386 2178 1434 scripta
2207 1386 2366 1434 legendo

1376 1450 1656 1486 transcurrere,
1681 1442 1750 1478 nisi
1773 1455 1815 1478 ea
1847 1444 1957 1479 etiam
1987 1444 2218 1480 masticando
2243 1453 2280 1480 et
2302 1458 2367 1480 ru-

1376 1500 1554 1536 minando
1580 1513 1732 1536 succum
1759 1501 1973 1547 eliciamus;
2007 1511 2043 1538 et
2069 1503 2366 1552 transglutiendo

1374 1571 1493 1607 usque
1521 1558 1567 1594 ad
1597 1558 1720 1594 cordis
1745 1558 1875 1594 intima
1898 1560 2196 1596 transmittamus
2219 1575 2226 1596 :
2254 1568 2296 1596 ut
2321 1574 2365 1597 ex

1374 1616 1430 1652 his
1452 1617 1648 1665 diligenter
1665 1616 1946 1653 consideremus
1966 1626 2103 1654 statum
2123 1627 2312 1666 nostrum,
2331 1627 2368 1656 et

1374 1675 1590 1711 studeamus
1620 1688 1752 1711 eorum
1774 1688 1889 1724 opera
1915 1689 2048 1725 agere,
2081 1690 2242 1726 quorum
2272 1678 2368 1715 facta

1374 1735 1546 1784 cupimus
1564 1735 1757 1770 lectitare?
1776 1733 1848 1770 Sed
1872 1734 2064 1783 quomodo
2085 1735 2163 1771 haec
2181 1736 2367 1784 cogitabi—

316 1791 362 1827 ad
383 1791 460 1827 luce
481 1791 665 1839 compulit
685 1805 743 1826 me
776 1793 928 1828 materia
953 1793 1083 1829 fertilis
1104 1794 1244 1842 pariter
1272 1803 1309 1831 et
1328 1797 1354 1831 C
1375 1806 1477 1839 nius,
1506 1801 1571 1829 aut
1594 1791 1789 1841 quomodo
1812 1805 1943 1828 cavere
1961 1794 2188 1841 poterimus,
2211 1807 2256 1830 ne
2278 1795 2366 1831 falsa

315 1850 451 1895 dulcis,
470 1863 582 1898 quam
600 1863 668 1898 ego
683 1863 758 1885 non
775 1850 1042 1899 protrahebain
1058 1860 1307 1900 spontaneus,

315 1909 378 1945 sed
400 1909 525 1945 nescio
545 1922 618 1957 qua
642 1909 724 1957 ejus
741 1909 938 1946 dulcedine
961 1909 1133 1946 trahebar
1151 1911 1304 1949 invitus.

681 2042 854 2079 CAPUT
886 2042 934 2079 X.

573 2154 797 2195 Reeapitulatio
817 2154 1046 2196 praedictorum.

374 2265 429 2298 11.
459 2266 508 2299 [t
534 2278 622 2312 ergo
647 2277 731 2311 quae
753 2263 923 2300 diffusius
946 2264 1043 2300 dicta
1069 2273 1177 2310 sunt,
1198 2266 1308 2301 simtd

313 2321 447 2368 juncta
462 2323 593 2358 melius
611 2322 827 2367 videantur,
842 2323 1109 2371 praedictorum
1126 2336 1307 2360 summam

320 2381 604 2429 recapitulando
632 2381 866 2428 colligamus.
910 2381 1012 2417 Sicut
1044 2381 1081 2416 in
1123 2382 1308 2429 praedictis

319 2441 502 2489 exemplis
536 2448 786 2489 praenotatum
810 2448 886 2483 est,
918 2440 1036 2475 videri
1063 2448 1185 2488 potest
1211 2454 1308 2488 quo-

321 2498 434 2533 modo
454 2498 620 2547 praedicti
637 2498 774 2546 gradus
791 2498 1024 2543 cobrereant,
1046 2507 1081 2534 et
1101 2499 1194 2534 sicut
1216 2508 1308 2535 tem-

1375 1861 1439 1889 aut
1459 1852 1584 1888 inania
1599 1851 1771 1900 quaedam
1790 1851 2006 1887 meditando
2019 1879 2028 1896 ‚
2046 1852 2180 1888 limites
2195 1866 2215 1889 a
2232 1853 2366 1889 sanctis

1374 1910 1545 1960 patribus
1559 1910 1785 1946 constitutos
1801 1918 2051 1956 transeamuS,
2067 1911 2136 1946 nisi
2150 1912 2254 1960 prius
2270 1911 2368 1948 circa

1375 1967 1593 2017 hujusmodi
1614 1976 1699 2004 ante
1722 1980 1768 2003 ex
1789 1967 1948 2003 lectione
1968 1976 2033 2004 aut
2059 1982 2104 2004 ex
2127 1968 2258 2005 auditu
2287 1970 2367 2005 fue-

1376 2029 1493 2065 rimus
1522 2027 1720 2064 instructi?
1747 2027 1906 2064 Auditus
1935 2027 2034 2063 enim
2063 2027 2226 2076 quodam
2253 2027 2367 2064 modo

1375 2088 1539 2137 pertinet
1569 2087 1615 2123 ad
1648 2087 1862 2122 lectionem.
1892 2086 2003 2123 Unde
2031 2087 2194 2123 solemus
2223 2086 2367 2133 dicere,

1376 2160 1451 2183 non
1479 2148 1600 2183 solum
1618 2145 1734 2182 libros
1751 2145 1853 2194 ipsos
1870 2158 1939 2181 nos
1965 2145 2116 2193 legisse,
2145 2158 2241 2194 quos
2260 2145 2368 2182 nobis

1374 2207 1466 2255 ipsis
1488 2207 1546 2241 vel
1572 2206 1653 2242 aliis
1683 2205 1860 2253 legimus,
1889 2204 1955 2241 sed
1984 2205 2069 2240 illos
2096 2205 2206 2240 etiam
2233 2218 2328 2253 quos
2347 2218 2368 2241 a

1378 2265 1561 2313 magistris
1578 2264 1804 2300 audivimus.
1833 2267 1926 2299 Item
1943 2263 2033 2311 quid
2052 2263 2205 2311 prodest
2225 2263 2368 2299 bomini

1376 2324 1405 2359 si
1423 2337 1490 2372 per
1509 2323 1812 2366 meditationem,
1839 2334 1922 2370 quae
1944 2321 2085 2369 agenda
2108 2329 2195 2357 sunt
2219 2320 2364 2365 videat,

1376 2382 1445 2417 nisi
1466 2381 1646 2417 orationis
1666 2380 1826 2423 auxilio,
1849 2388 1885 2415 et
1904 2380 1973 2415 Dei
1998 2380 2117 2427 gratia
2136 2379 2182 2414 ad
2207 2392 2247 2415 ea
2266 2379 2366 2415 obti-

1376 2439 1499 2476 nenda
1517 2439 1775 2475 convalescat?
1790 2441 1910 2475 Omne
1925 2437 2108 2486 siquidem
2127 2437 2255 2473 datum
2273 2438 2366 2486 opti-

1377 2511 1498 2544 mum,
1515 2507 1552 2534 et
1571 2511 1683 2534 omne
1699 2497 1841 2533 donum
1861 2498 2067 2546 perfectum
2085 2496 2278 2532 desursum
2297 2505 2365 2541 est,

320 2559 521 2607 pot-aliter,
542 2559 592 2594 ita
607 2567 643 2594 et
663 2558 859 2594 causaliter
877 2571 915 2594 se
936 2558 1162 2607 praecedant.
1179 2559 1308 2595 Lectio
1330 2566 1361 2598 D
1377 2557 1607 2593 descendens
1627 2571 1646 2592 a
1668 2560 1776 2592 Patre
1807 2557 1991 2591 luminum
2009 2562 2038 2600 ¹,
2070 2555 2150 2591 sine
2173 2568 2248 2603 quo
2274 2555 2365 2591 nibil

321 2618 419 2652 euim
450 2618 554 2666 quasi
585 2617 869 2653 fundamentum
904 2617 1026 2665 primo
1053 2618 1240 2661 occurrit,
1273 2626 1309 2653 et

321 2677 405 2711 data
427 2677 581 2712 materia
600 2676 711 2711 mittit
731 2688 798 2711 vos
817 2675 862 2710 ad
879 2675 1170 2711 meditationem.
1189 2676 1308 2712 Medi-

324 2735 412 2769 tatio
433 2748 523 2770 vero
548 2733 638 2783 quid
669 2734 923 2782 appetendum
947 2735 993 2769 sit
1018 2734 1230 2782 diligentius
1249 2735 1309 2770 in-

323 2793 456 2841 quirit,
477 2801 512 2828 et
539 2792 645 2841 quasi
673 2791 856 2828 effodiens
878 2792 1092 2827 thesaurum
1115 2792 1258 2828 invenit
1276 2800 1313 2827 et

323 2851 498 2886 ostendit.
521 2851 591 2886 Sed
617 2863 699 2886 cum
722 2862 789 2899 per
809 2863 847 2886 se
869 2849 1040 2886 obtinere
1065 2863 1140 2886 non
1170 2851 1310 2896 valeat,

325 2911 436 2945 mittit
457 2923 524 2945 nos
547 2909 591 2945 ad
613 2909 835 2945 orationem.
859 2909 987 2945 Oratio
1005 2922 1042 2945 se
1065 2910 1151 2945 totis
1169 2909 1311 2946 viribus

322 2969 467 3015 erigens
483 2969 528 3004 ad
548 2968 748 3004 Dominum
764 2996 772 3012 ‚
793 2970 966 3017 impetrat
983 2969 1196 3004 thesaurum
1214 2968 1310 3004 desi—

324 3027 526 3063 derabilem
542 3056 550 3071 ,
589 3027 918 3075 contemplationis
955 3028 1188 3063 suavitatem.
1224 3032 1311 3065 Haec

323 3095 446 3122 autem
467 3086 689 3129 adveniens,
713 3085 978 3133 praedictorum
1002 3087 1112 3122 trium
1144 3086 1309 3123 laborem

325 3154 559 3189 renumerat,
588 3145 675 3181 dum
703 3145 862 3180 coelestis
885 3158 969 3181 rore
998 3145 1206 3182 dulcedinis
1226 3147 1309 3183 ani—

375 3271 508 3302 ¹Jacobi
533 3282 560 3307 ι,
583 3274 631 3302 17.
651 3289 690 3294 -
709 3281 718 3293 ⁴
744 3276 753 3302 1
774 3274 844 3302 Cor.
862 3283 898 3301 ιιι
915 3296 921 3310 ‚
940 3276 969 3301 9.

1375 2630 1576 2666 possumus
1596 2617 1715 2652 facere
1734 2630 1740 2650 :
1763 2615 1826 2651 sed
1843 2615 1922 2664 ipse
1942 2615 1979 2650 in
1998 2614 2106 2650 nobis
2123 2614 2208 2649 facit
2227 2627 2364 2663 opera,

1376 2689 1451 2711 non
1486 2684 1608 2711 tamen
1638 2674 1794 2710 omnino
1829 2674 1907 2709 sine
1943 2673 2065 2709 nobis.
2105 2673 2366 2720 Ctmperatores

1378 2741 1474 2770 euim
1505 2738 1573 2770 Dei
1603 2748 1748 2777 sumus,
1783 2734 1878 2769 sicut
1905 2733 1994 2768 dicit
2015 2732 2255 2781 Ap05t011182.
2278 2732 2367 2768 Vult

1378 2794 1561 2842 siquidem
1585 2797 1684 2830 Deus
1705 2801 1746 2829 ut
1762 2805 1846 2828 eum
1868 2791 2090 2839 adjuvemus
2107 2805 2115 2835 ;
2134 2799 2170 2826 et
2190 2798 2231 2826 ut
2247 2791 2279 2826 ei
2300 2791 2366 2827 ad-

1378 2853 1539 2889 venienti
1565 2860 1600 2887 et
1630 2851 1859 2900 praestolanti
1889 2850 1934 2886 ad
1964 2850 2123 2895 ostium,
2154 2850 2366 2898 aperiamus

1376 2912 1499 2947 sinum
1524 2911 1725 2946 voluntatis
1759 2918 1920 2954 nostrae,
1943 2917 1980 2944 et
2011 2909 2044 2944 ei
2074 2908 2364 2946 consentiamus.

1377 2974 1483 3006 Hunc
1503 2982 1726 3005 consensum
1749 2968 1920 3016 exigebat
1937 2982 1957 3003 a
1974 2967 2203 3004 Samaritana
2216 2995 2225 3012 ,
2245 2980 2366 3015 quan—

1377 3029 1426 3064 do
1446 3028 1593 3064 dicebat
1615 3042 1622 3063 :
1649 3030 1746 3062 Vara
1771 3033 1891 3062 vitum
1913 3036 2025 3062 ιιιιιηι.
2056 3026 2168 3072 Quasi
2192 3025 2333 3061 diceret
2355 3040 2363 3062 :

1377 3089 1471 3125 voto
1489 3087 1553 3124 tibi
1573 3087 1772 3123 infundere
1790 3087 1964 3135 gratiam,
1987 3094 2023 3120 tu
2043 3085 2188 3133 applica
2205 3083 2363 3120 liberum

1377 3146 1586 3184 arbitrium.
1609 3146 1825 3184 Orationem
1844 3144 2015 3194 exigebat
2035 3143 2081 3180 ab
2106 3156 2173 3190 ea,
2194 3156 2278 3179 cum
2305 3143 2364 3179 ‹li-
