2418 3949
191 237 283 273 1141

186 314 295 350 miori
318 325 477 362 genere,
498 325 623 361 quam-
639 312 783 360 reliqua
811 321 1018 361 martyrum
1050 311 1178 348 multi-

833 239 882 272 IN
909 236 1060 272 FESTO
1088 238 1123 272 S.
1154 237 1393 273 STEPHANI
1422 239 1598 274 SERMO.

1187 311 1236 329 :27⁴

2142 238 2238 274 1142

1248 312 1421 362 spiritus,
1444 313 1560 349 duros
1583 314 1745 358 cervice,
1771 312 2051 349 incircumcisos
2071 313 2185 349 corde
2205 322 2241 349 et

185 373 277 409 tudo
299 387 307 408 :
328 373 463 422 plenus
478 372 597 421 gratia
614 372 776 408 refertur
791 373 930 408 scilicet
947 380 983 408 et
1004 371 1176 407 cumula·
1195 375 1227 407 A
1247 370 1401 407 auribus
1416 400 1425 415 ,
1457 380 1494 407 et
1521 371 1672 407 sublimi
1698 385 1792 408 voce
1819 372 2046 417 homicidas,
2074 381 2110 408 et
2144 385 2237 421 pro-

187 439 264 476 tus,
290 429 394 479 quod
423 443 509 466 raro
540 430 578 465 in
599 430 800 478 scripturis
817 430 1008 466 canonicis
1031 428 1179 466 subtilis

185 489 387 537 inquisitor
412 489 592 525 inveniet.
617 489 796 537 Jungitur
817 489 945 538 gratiae
973 487 1177 533 fortitudo,

187 549 311 584 infuso
333 548 470 598 spiritu
489 547 684 584 libertatis.
704 548 849 596 Ignitus
874 548 1023 584 animus
1042 547 1081 583 in
1107 559 1177 582 vo-

186 620 266 643 cem
295 607 463 644 veritatis
490 607 678 656 erumpit,
700 619 769 642 nec
794 607 936 656 patitur
957 607 1037 642 ullo
1067 613 1178 655 pacto

187 666 346 714 rigorem
362 665 516 714 justitiae
527 664 698 701 submitti
711 665 916 714 aliquando
927 693 936 709 ‚
951 665 1011 700 vel
1027 663 1177 700 dimitti.

187 725 245 761 Sic
260 724 436 760 loricatus
451 724 587 773 gratia,
609 732 647 760 et
660 724 766 760 hasta
785 724 1018 760 fortitudinis
1033 724 1182 773 sapien-

188 792 244 820 ter
261 783 482 820 infrendens
493 812 504 830 ,
511 783 681 831 faciebat
684 786 864 832 prodigia
876 790 913 817 et
923 786 1032 830 SI'gna
1043 794 1183 829 magna

187 848 225 878 m
241 845 394 890 populo,
414 842 482 878 Ille
510 850 635 890 potest
662 841 836 891 prodigia
855 849 892 877 et
918 841 1023 889 signa
1043 840 1182 885 facere,

188 904 223 936 in
254 914 331 950 quo
359 896 478 949 gratia
501 909 538 936 et
561 900 742 936 fortitudo
775 900 902 937 sedem
931 899 1181 936 firmissimam

187 967 410 996 statuerunt.
454 959 512 996 Sic
545 958 759 1008 Stephanus
790 958 837 994 ad
869 957 1099 1002 homicidas,
1136 956 1183 993 ad

186 1019 276 1068 legis
301 1018 511 1065 adulteros,
541 1017 588 1054 ad
608 1017 850 1054 crucifixores
870 1017 952 1054 Filii
971 1017 1040 1054 Dei
1062 1017 1182 1053 Patris

1245 429 1387 466 ditores
1434 430 1609 479 appellat.
1656 434 1740 467 Non
1776 439 1930 467 veretur
1976 431 2241 467 conventicula

1247 497 1472 536 congregata
1506 488 1551 523 de
1587 488 1855 538 sanguinibus,
1890 497 1925 525 et
1969 489 2068 525 inter
2107 502 2242 526 manus

1244 547 1492 596 quaerentium
1519 548 1680 583 animam
1708 547 1811 595 ejus,
1835 548 1881 584 de
1910 547 2242 597 liberiorijustitia

1245 619 1422 643 cacumen
1439 607 1607 642 veritatis
1618 606 1799 642 ascendit.
1810 610 2048 642 Dissecautur
2057 607 2239 649 cordibus,

1246 675 1281 700 et
1303 666 1459 700 strident
1483 664 1652 700 dentibus
1679 670 1718 700 in
1744 679 1826 700 eum
1842 693 1851 710 ,
1877 666 2098 714 concipiunt
2129 666 2241 702 dolo-

1247 736 1348 769 rem,
1378 731 1414 759 et
1438 735 1559 772 prope
1585 731 1641 758 est
1671 731 1712 758 ut
1746 723 1956 772 parturiant
1989 724 2237 772 iniquitatem.

1248 783 1386 819 Mirum
1413 782 1516 830 quod
1552 795 1628 817 non
1657 790 1883 818 revocantur
1912 783 2047 818 insueti
2075 784 2242 819 novitate

1249 841 1442 887 miraculi,
1465 841 1567 890 quod
1598 841 1786 876 luminosa
1807 842 2098 889 Protomartyris
2131 842 2241 878 facies

1249 914 1325 937 non
1342 901 1510 937 refrenat
1536 901 1698 937 insanos.
1723 900 1926 945 Videbam,
1944 900 2241 949 inquit,sac1'em

1249 964 1330 1005 ejus
1349 969 1528 1007 tanquam
1552 962 1694 994 vultum
1724 961 1851 1007 angeli
1874 964 2007 994 stantis
2034 963 2241 996 interillos.

1249 1018 1348 1065 Quid
1368 1026 1445 1063 est,
1482 1031 1504 1053 o
1530 1017 1733 1053 insensati?
1753 1017 1894 1053 lumine
1914 1018 2042 1054 vultus
2060 1019 2129 1054 Dei
2151 1019 2244 1054 insi-

187 1078 371 1127 loquitur‚
407 1077 509 1126 genti
540 1077 741 1126 peccatrici
761 1077 798 1112 in
824 1080 1011 1126 AEgypto,
1035 1076 1181 1126 populo
1200 1077 1228 1110 B
1248 1077 1374 1126 gnitur
1394 1077 1580 1127 gloriosus
1608 1076 1758 1120 Levita,
1792 1084 1830 1112 et
1848 1075 2014 1112 vibranti
2042 1077 2244 1126 splendore

186 1138 291 1187 gravi
319 1137 517 1186 iniquitate
539 1136 577 1172 in
598 1136 770 1181 deserto,
799 1136 933 1172 semini
957 1148 1119 1184 nequam
1143 1135 1180 1171 in

189 1206 288 1234 terra
330 1195 614 1245 promissionis,
646 1195 731 1231 filiis
765 1194 954 1230 sceleratis
985 1194 1024 1229 in
1059 1201 1181 1230 morte

185 1255 400 1293 Salvatoris.
431 1258 535 1291 Dura
547 1282 558 1299 ‚
579 1254 716 1304 inquit,
747 1257 906 1298 cervice,
927 1261 964 1288 et
979 1257 1182 1289 incircum-

191 1320 259 1350 cisi
274 1316 383 1349 corde
401 1322 437 1348 et
451 1312 602 1349 auribus
612 1341 622 1357 ,
643 1327 710 1349 vos
724 1325 872 1360 semper
886 1314 1043 1360 Spiritui
1053 1322 1182 1348 salecto

188 1377 384 1410 restitistis.

241 1435 277 1471 3.
307 1434 556 1468 Surrexemnl
576 1433 734 1479 quitiam
761 1433 809 1466 de
827 1445 1018 1480 synagoga
1042 1445 1052 1466 :
1073 1443 1181 1479 syna-

187 1506 283 1543 goga
312 1493 441 1541 utique
473 1500 630 1536 satanae,
666 1499 703 1526 et
732 1491 862 1540 utique
888 1490 1179 1540 conglobantur,

191 1554 250 1589 vel
290 1552 336 1589 ad
377 1550 705 1595 convincendum,
743 1551 802 1586 vel
835 1550 883 1586 ad
919 1550 1179 1588 occidendum.

192 1613 345 1651 Faciunt
381 1610 586 1660 impietatis
627 1609 811 1659 parietem
850 1623 989 1655 unum;
1027 1621 1184 1659 squama

190 1663 354 1720 squamae
368 1669 612 1719 conjungitur
627 1678 649 1705 ¹.
667 1668 826 1706 Sibilant
840 1668 910 1705 sibi
927 1678 1119 1718 serpentes
1136 1669 1184 1705 ad

190 1732 371 1775 invicem,
399 1736 663 1766 convenerunt
690 1729 730 1764 in
760 1741 877 1764 unum
896 1728 1075 1765 adversus
1106 1732 1184 1765 Do-

191 1791 333 1826 minum
344 1817 355 1835 ,
369 1797 407 1825 et
421 1788 602 1824 adversus
617 1787 804 1824 Christum
821 1785 916 1836 ejus.
935 1788 1052 1834 Velit,
1068 1789 1181 1835 nolit,

1247 1136 1459 1185 Stephanus
1491 1144 1714 1180 serenatur,
1748 1143 1787 1170 et
1818 1134 2113 1171 reverberantur
2146 1136 2246 1172 oculi

1246 1196 1384 1242 vestri,
1415 1204 1452 1232 et
1491 1203 1616 1231 tamen
1651 1194 1803 1230 invidiae
1831 1194 2053 1242 magnitudo
2090 1196 2246 1231 visionis

1248 1254 1478 1304 majestatem
1496 1254 1683 1291 occludit?
1697 1253 1966 1303 Respondeant
1979 1254 2015 1289 in
2028 1253 2246 1290 divinorum

1248 1314 1486 1351 voluminum
1516 1315 1759 1359 evolutione,
1792 1312 1858 1349 ubi
1880 1322 2103 1362 repererunt
2121 1313 2246 1349 homi-

1249 1387 1335 1410 nem
1366 1374 1403 1410 in
1429 1374 1538 1409 terris
1565 1374 1731 1423 positum
1763 1386 1832 1422 per
1866 1373 2012 1408 vultum
2035 1373 2246 1421 angelicum

1246 1432 1412 1469 induisse
1435 1446 1442 1467 :
1466 1440 1504 1468 et
1525 1445 1610 1468 cum
1632 1432 1671 1468 in
1693 1433 1861 1480 utrisque
1879 1430 2022 1481 legibus
2042 1432 2101 1467 vel
2129 1444 2216 1468 raro
2232 1461 2241 1476 ,

1249 1493 1307 1529 vel
1340 1505 1534 1541 nunquam
1559 1492 1793 1537 invenerint,
1820 1490 2050 1541 obstupeant
2081 1492 2238 1540 gloriani

1250 1552 1528 1602 triumphantis.
1553 1552 1730 1600 Sequitur
1750 1565 1758 1586 ε

1302 1611 1337 1647 4.
1371 1614 1462 1648 Cum
1492 1620 1615 1646 autem
1649 1620 1740 1646 esset
1766 1613 1906 1658 plenus
1940 1612 2080 1658 Spiritu
2101 1619 2243 1655 sancto,

1249 1672 1447 1705 Intemleus
1484 1674 1522 1704 in
1561 1671 1695 1704 coelam
1734 1671 1831 1705 vidit
1854 1670 2014 1716 gloriam
2049 1670 2137 1712 Dei,
2171 1677 2242 1705 etc.

1248 1729 1385 1764 Mirum
1412 1728 1514 1764 dictu
1531 1756 1540 1774 ,
1560 1736 1597 1763 et
1624 1727 1737 1763 totius
1763 1727 2018 1776 supergressio
2042 1729 2243 1763 creaturae!

1247 1788 1415 1824 Intendit
1443 1789 1480 1824 in
1506 1788 1661 1831 coelum,
1679 1786 1784 1823 videt
1809 1786 1888 1835 jam
1909 1798 1984 1822 non
2006 1787 2161 1833 coelum,
2182 1787 2247 1823 sed

188 1848 287 1885 cedit
314 1848 485 1897 impietas
507 1846 653 1896 pietati,
684 1846 833 1883 veritati
867 1860 986 1893 error,
1022 1848 1180 1884 stultitia
1201 1848 1227 1884 C
1247 1847 1361 1883 coelos
1395 1854 1568 1897 apertos,
1598 1845 1705 1882 videt
1732 1846 1889 1896 gloriam
1923 1846 2013 1889 Dei,
2050 1854 2087 1882 et
2121 1849 2245 1882 lesum

189 1908 381 1958 sapientiae
393 1936 402 1953 ,
413 1906 569 1957 Spiritui
585 1914 714 1942 sancto
728 1907 974 1956 praesumptio
986 1915 1023 1943 et
1039 1908 1184 1944 vanitas

190 1968 342 2018 spiritus
360 1967 528 2003 humani.
549 1967 633 2001 Non
647 1975 823 2013 poterant
843 1971 1013 2002 resistere
1029 1972 1183 2016 sapien-

191 2030 255 2063 tc'ae
275 2036 311 2063 et
329 2031 476 2075 spiritui
505 2030 570 2074 qui
598 2025 828 2074 loquebatur.
850 2028 935 2062 Non
966 2025 1080 2072 dixit,
1098 2030 1182 2064 Non

192 2086 390 2132 volebant,
421 2085 525 2135 quod
555 2084 835 2122 rationabilium
871 2094 909 2122 et
929 2076 1185 2135 perfectorum

191 2155 265 2192 est;
287 2146 374 2192 sed,
393 2155 671 2194 nonpoterant,
694 2144 758 2182 ubi
773 2145 890 2182 menti
904 2146 1010 2181 malae
1032 2146 1187 2184 facultas

193 2206 350 2251 tollitur,
365 2218 441 2242 non
454 2206 634 2242 voluntas
650 2214 829 2242 mutatur.
844 2205 1185 2254 Redarguebmztur,

192 2267 265 2312 ait,
288 2265 335 2301 ab
357 2280 399 2301 ev
415 2279 497 2301 cum
525 2269 626 2300 omni
639 2266 801 2311 fiducia.
825 2264 1065 2301 Fiducialiter
1083 2267 1184 2315 agit,

193 2338 262 2361 nec
277 2333 402 2371 nutat,
423 2337 493 2360 nec
508 2332 676 2361 mutatur
690 2336 796 2360 mens
814 2324 1087 2372 imperterrita,
1102 2338 1187 2373 quae

193 2384 310 2432 magis
324 2383 509 2432 justitiam
530 2396 642 2433 quam
664 2384 778 2420 vitam
794 2411 804 2428 ‚
828 2383 939 2419 fidem
965 2396 1077 2432 quani
1099 2397 1187 2420 san-

191 2444 364 2493 guinem,
387 2452 546 2480 mortem
571 2456 685 2492 quam
709 2442 866 2492 justitiae
894 2442 1186 2478 taciturnitatem

192 2504 316 2553 elegit.
351 2506 630 2541 Concurrentes
659 2503 811 2552 rapiunt
847 2515 932 2538 eum
948 2530 958 2547 ,
993 2501 1189 2538 adducunt

194 2564 231 2599 in
257 2564 456 2600 concilium
470 2591 480 2608 ,
514 2571 552 2599 et
570 2563 735 2612 gaudent
753 2575 839 2599 eum
859 2562 959 2598 intra
981 2575 1047 2598 sua
1076 2562 1189 2598 retia-

1249 1916 1408 1942 stantem
1431 1921 1455 1942 α
1485 1909 1628 1942 dextris
1649 1911 1799 1941 virtutis
1820 1909 1907 1942 Dei.
1940 1907 2067 1941 Movet
2088 1919 2147 1942 me
2167 1906 2246 1942 haec

1249 1967 1431 2012 intentio,
1452 1979 1537 2015 quae
1557 1965 1602 2002 de
1624 1966 1748 2002 cordis
1771 1966 1933 2015 puritate
1958 1966 2082 2002 refusa
2098 1966 2174 2001 vim
2196 1966 2250 2002 fa-

1249 2027 1298 2062 cit
1325 2026 1426 2062 coelis
1441 2054 1450 2071 ,
1473 2034 1511 2062 et
1541 2025 1587 2061 ad
1608 2025 1724 2074 ipsius
1744 2025 1952 2062 divinitatis
1985 2026 2248 2062 consistorium

1253 2094 1426 2136 penetrat
1462 2094 1499 2122 et
1530 2085 1692 2134 attingit.
1735 2085 1824 2123 Coeli
1851 2086 2094 2135 aperiuntur,
2131 2086 2249 2134 gloria

1254 2145 1322 2183 Dei
1341 2145 1515 2181 videtur:
1533 2149 1641 2182 Jesus
1657 2145 1890 2194 conspicitur
1909 2153 2011 2181 stans
2031 2158 2107 2181 non
2126 2145 2248 2181 solum

1254 2218 1272 2241 a
1291 2204 1432 2241 dextris
1453 2205 1544 2250 Dei,
1568 2204 1632 2240 sed
1653 2218 1676 2239 a
1701 2206 1844 2239 dextris
1871 2209 2020 2240 virtutis
2039 2208 2123 2240 Dei.
2145 2208 2250 2240 Hanc

1253 2264 1501 2300 intentionem
1522 2264 1660 2300 fecerat
1671 2263 1831 2312 abjectio
1844 2264 1974 2300 mundi
1988 2292 1997 2309 ,
2011 2273 2251 2314 contemptus

1254 2324 1330 2368 sui,
1364 2323 1489 2360 cordis
1531 2322 1739 2368 munditia,
1775 2322 1927 2359 dilectio
1967 2324 2055 2368 Dei,
2086 2324 2251 2373 proximi

1254 2396 1379 2428 amor,
1415 2382 1582 2418 veritatis
1615 2382 1802 2426 defensio,
1835 2381 2063 2418 desiderium
2103 2383 2250 2420 Christi.

1254 2441 1526 2491 Retorquenda
1567 2450 1691 2477 essent
1721 2441 1800 2477 haec
1827 2441 1955 2476 omnia
1992 2440 2038 2477 ad
2078 2454 2251 2478 commu-

1255 2515 1321 2538 nes
1344 2501 1519 2538 ssosculos
1550 2501 1792 2546 moralitatis,
1821 2501 1891 2537 nisi
1917 2509 2013 2537 esset
2033 2502 2254 2538 excellentia

1255 2561 1431 2609 Martyris
1451 2561 1766 2597 commendanda.
1790 2560 1929 2597 Felices
1956 2560 2054 2596 oculi
2070 2589 2079 2605 ,
2107 2560 2254 2597 subtilis

193 2623 276 2658 cula
309 2623 531 2658 reclusisse:
564 2622 629 2658 sed
661 2623 796 2658 frustra
823 2620 962 2669 jacitur
994 2629 1072 2658 rete
1102 2629 1189 2658 ante
1209 2623 1240 2656 D
1259 2621 1377 2665 visus,
1414 2620 1509 2656 visio
1538 2620 1713 2668 gloriosa.
1749 2619 1947 2668 Signanter
1983 2621 2157 2668 recollige
2187 2633 2255 2669 po-

195 2681 325 2718 oculos
352 2690 615 2731 pennatorum.
646 2684 750 2718 Tunc
769 2694 845 2717 vox
879 2681 1046 2726 liberior,
1070 2690 1107 2717 et
1141 2695 1186 2717 ex

196 2754 328 2777 eorum
349 2740 542 2777 codicibus
559 2754 683 2777 sermo
703 2741 900 2777 exacuitur
918 2741 1103 2785 veritatis,
1131 2749 1188 2777 to-

199 2809 354 2848 tumque
379 2803 583 2848 Martyrem
621 2800 719 2849 rapit
754 2798 824 2835 sibi
859 2799 1018 2848 Spiritus
1041 2799 1130 2844 Dei,
1153 2807 1190 2836 et

198 2871 244 2895 ex
264 2858 345 2907 ejus
367 2871 432 2895 ore
458 2859 665 2895 sonantiori
687 2871 831 2907 organo
857 2857 1085 2894 modulatur.
1113 2864 1193 2908 Ap-

199 2926 304 2968 paret
320 2919 354 2955 ei
374 2931 449 2954 una
470 2918 581 2955 facies
595 2919 894 2968 Scripturarum,
915 2926 952 2954 et
974 2918 1110 2955 veteris
1134 2918 1191 2954 in-

199 2978 397 3014 strumenti
423 2977 621 3027 dispendia
648 2978 685 3014 iu
716 2978 1023 3028 compendiosam
1059 2977 1192 3027 redigit

201 3037 436 3074 brevitatem.
466 3038 638 3088 Replicat
658 3038 928 3088 promissiones
948 3046 985 3074 et
1011 3037 1193 3074 beneficia

201 3098 289 3141 Dei,
316 3098 633 3134 murnuwationes
656 3106 692 3134 et
715 3098 893 3134 maleficia
917 3097 1069 3147 populi3
1094 3096 1194 3132 bona

202 3157 385 3205 praestita‚
417 3156 561 3193 reddita
592 3157 712 3202 mala3
746 3156 791 3192 ad
829 3165 1041 3193 extremum
1075 3155 1193 3191 divini

202 3216 392 3264 sanguinis
425 3215 629 3265 exprobrat
673 3216 916 3261 effusionem,
957 3214 1196 3252 refractarios

254 3347 259 3359 '
282 3341 352 3371 an.
375 3352 427 3370 ‚xm
444 3365 450 3373 ,
476 3346 505 3371 (ι.

1255 2679 1428 2716 sitionem
1451 2678 1670 2714 verborum.
1695 2678 1831 2715 Plenus
1858 2686 1915 2713 est
1946 2678 2110 2726 Spiritu,
2137 2687 2173 2713 et
2201 2678 2252 2714 sie

1255 2737 1417 2774 intendit
1449 2738 1485 2773 in
1518 2738 1677 2782 coelum,
1709 2737 1797 2785 quia
1834 2737 1869 2772 in
1910 2737 2043 2785 spiritu
2079 2738 2251 2779 afflatur,

1255 2797 1484 2833 conculcatis
1518 2795 1778 2840 terrestribus,
1811 2795 2026 2831 coelestibus
2066 2796 2184 2831 inhiat
2218 2805 2256 2831 et

1260 2855 1422 2892 aeternis.
1458 2859 1545 2891 Post
1582 2855 1660 2891 haec
1691 2854 1916 2903 aperiuntur
1947 2854 2044 2898 cmli,
2077 2854 2254 2902 nullaque

1261 2916 1439 2966 prsevalet
1454 2915 1615 2950 lirmatio
1629 2914 1686 2950 vel
1701 2915 1891 2958 clausura,
1911 2927 2023 2963 quam
2037 2927 2112 2950 non
2134 2923 2254 2951 trans-

1260 2976 1360 3011 volet
1393 2982 1456 3010 aut
1498 2974 1683 3023 irrumpat
1727 2986 1831 3009 mens
1865 2973 1916 3008 illi
1946 2987 2102 3009 sunuuae
2138 2975 2251 3010 menti

1259 3035 1478 3071 affectanter
1502 3033 1700 3069 inhaerens.
1724 3034 1957 3082 Aperiuntur
1978 3047 2068 3082 ergo
2089 3034 2196 3077 eoeli,
2219 3043 2255 3070 et

1262 3103 1353 3144 puto
1372 3093 1475 3143 quod
1497 3107 1630 3129 omnes
1655 3094 1758 3138 eoeli,
1783 3107 1993 3142 eorumque
2017 3094 2253 3143 apertionem

1261 3153 1431 3201 sequitur
1457 3153 1550 3188 visio
1567 3152 1694 3201 gloria⁸
1724 3153 1814 3197 Dei,
1836 3161 1872 3188 et
1902 3152 2051 3189 xideinr
2075 3154 2256 3189 Dmuinus

1262 3216 1363 3249 Deus
1376 3221 1508 3249 stansa
1523 3211 1666 3249 ‹lem-is
1678 3212 1829 3249 virtutis
1845 3212 1911 3249 Dei
1927 3241 1935 3256 ‚
1950 3225 1994 3248 ne
2011 3216 2116 3249 l‘atre
2135 3213 2256 3248 minor
