2418 3949
166 198 237 236 757
819 206 911 239 TRA
919 204 1102 240 CTATUS
1131 205 1194 239 DE
1224 205 1549 242 CONSCIENTIA.

1198 279 1339 328 ¹pavor
1368 280 1500 316 nolens
1534 288 1572 316 et
1601 280 1732 317 dolens
1768 282 1908 318 arridet
1935 283 1990 328 ei;
2019 295 2102 319 cum
2132 296 2210 319 non

1172 340 1204 372 A
1223 346 1278 373 est
1307 338 1372 386 qui
1398 347 1547 387 arguat,
1569 339 1633 375 sed
1653 348 1691 375 et
1710 343 1775 389 qui
1796 354 1952 390 arguere
1972 349 2208 391 peccatorem

514 344 688 383 CAPUT
717 345 787 385 IV.

362 461 410 489 De
429 458 507 489 mala
522 465 552 490 et
570 459 735 500 tranquilla
755 458 952 490 conscientia.

212 578 247 613 6.
276 578 452 627 Sequitur
480 578 577 614 mala
607 586 644 614 et
671 578 871 627 tranquilla
900 576 1146 621 conscientia,

159 648 233 684 qua
262 637 356 673 sicut
383 637 475 672 nihil
501 636 634 686 pejus,
667 637 717 673 ita
745 636 837 672 nihil
866 644 921 672 est
947 635 1144 671 infelicius.

158 695 302 743 Quaeris
327 708 498 745 quaenam
521 696 585 731 illa
609 696 677 732 sit?
704 699 793 732 Haec
813 704 868 731 est
890 695 954 731 illa
973 707 1057 744 quae
1076 706 1146 730 nec

158 756 280 791 Deum
312 754 435 799 timet,
466 767 534 790 nec
565 754 757 791 hominem
790 763 986 791 reveretur
1017 768 1025 789 ε
1060 767 1144 803 quae

156 825 241 848 cum
263 812 410 849 venerit
429 813 466 848 in
488 813 720 862 profundum
744 814 930 850 malorum
944 843 953 860 ‚
975 821 1144 850 contem-

155 869 212 905 nit
243 876 267 906 ¹.
303 873 350 906 Et
384 870 470 906 w'de
502 871 669 919 lapsum,
701 871 778 907 imo
817 880 854 907 et
884 885 1009 908 casum
1039 872 1145 907 malae

152 929 410 973 conscientiae,
451 942 563 978 quam
596 929 809 966 minutatim
843 938 880 966 et
912 930 1144 979 pedetentim

153 987 315 1025 declinet
334 1001 354 1025 a
373 992 478 1035 Deo3
501 997 538 1025 et
557 989 607 1025 ita
624 990 660 1025 in
679 989 909 1038 profundum
930 989 1144 1036 descendat,

151 1055 195 1084 ut
213 1061 328 1098 super
349 1062 431 1085 eam
451 1057 583 1098 urgeat
603 1057 740 1098 puteus
759 1062 800 1085 os
821 1062 946 1085 suum.
970 1049 1139 1086 Primum

151 1107 304 1156 quando
331 1107 447 1144 horno
473 1115 640 1144 assuetus
668 1106 778 1144 bonis
803 1108 966 1157 graviter
990 1115 1140 1157 peccat,

149 1165 302 1203 videtur
330 1167 364 1203 ei
390 1166 485 1204 adeo
513 1166 776 1217 importabile,
805 1175 848 1203 ut
879 1167 918 1203 in
950 1167 1141 1204 infernum

149 1224 283 1261 vivens
297 1224 526 1262 descendere
539 1225 723 1262 videatur.
743 1229 923 1262 Processu
936 1239 1028 1263 vero
1045 1234 1141 1263 tem-

147 1284 250 1334 poris
271 1297 348 1321 non
373 1284 633 1335 importabile,
660 1285 724 1321 sed
746 1293 871 1322 tamen
893 1299 1007 1335 grave
1032 1285 1139 1322 vide-

149 1352 233 1389 tur,
264 1352 302 1380 et
320 1344 420 1381 inter
443 1344 686 1394 importabile
708 1353 745 1381 et
767 1359 881 1395 grave
901 1359 977 1381 non
999 1359 1139 1395 parvus

147 1403 349 1441 descensus
376 1412 444 1441 est.
471 1405 587 1441 Paulo
615 1413 703 1453 post
727 1414 763 1441 et
788 1405 871 1441 leve
895 1404 1038 1453 judicat
1069 1419 1076 1440 τ
1101 1413 1138 1441 et

147 1475 233 1499 cum
266 1462 407 1500 crebris
437 1463 573 1500 ictibus
597 1463 844 1509 verberetur,
874 1465 1034 1501 vulnera
1059 1477 1136 1500 non

146 1523 277 1568 sentit,
306 1521 465 1559 verbera
492 1536 568 1559 non
590 1523 761 1559 attendit.
784 1527 841 1560 De
860 1522 1078 1571 hujusmodi
1098 1524 1136 1559 in

148 1582 340 1632 Scriptura
362 1582 533 1620 veritatis
552 1594 771 1632 expressum
795 1591 850 1619 est
871 1598 879 1619 :
909 1583 1135 1622 Verberave-

146 1651 231 1678 runt
249 1655 307 1678 me
319 1672 329 1689 ,
350 1652 386 1679 et
401 1656 474 1678 non
491 1645 592 1678 dolui
607 1657 618 1678 .·
632 1651 828 1678 traxerunt
843 1656 914 1688 me,
932 1652 966 1678 et
980 1657 1045 1692 ego
1062 1657 1136 1679 non

144 1707 243 1738 sensi
268 1709 297 1738 ².
331 1706 374 1740 In
406 1702 512 1739 brevi
546 1715 637 1739 vero
674 1703 853 1752 temporis
887 1704 1026 1753 spatio,
1059 1717 1136 1739 non

145 1762 268 1798 solum
298 1775 376 1799 non
405 1763 538 1808 sentit,
568 1762 634 1798 sed
664 1771 701 1799 et
730 1763 872 1812 placet,
902 1771 939 1799 et
964 1763 1071 1799 dulce
1097 1764 1138 1799 fit

141 1821 246 1870 quod
282 1834 450 1858 amarum
490 1829 589 1867 erat,
622 1829 659 1858 et
694 1835 867 1872 asperum
900 1822 1060 1859 vertitur
1096 1823 1135 1859 in
1157 1821 1183 1857 C

141 1892 267 1917 suave.
297 1881 458 1917 Ducitur
487 1880 623 1918 deinde
656 1881 694 1917 in
726 1882 1062 1928 consuetudinem,
1094 1891 1135 1919 ut

135 1937 214 1988 jam
237 1952 314 1976 non
336 1939 451 1976 modo
471 1941 637 1989 placeat,
661 1941 726 1977 sed
746 1950 783 1978 et
802 1941 948 1978 assidue
964 1942 1131 1991 placeat,

140 2007 178 2035 et
197 2011 236 2036 se
255 2000 448 2037 continere
468 2013 545 2036 non
571 2001 703 2050 possit.
732 2001 789 2038 Ad
811 2010 1022 2038 extremum
1043 2016 1133 2039 vero

135 2055 218 2094 >non
242 2067 367 2108 potest
390 2060 522 2104 avelli,
553 2061 641 2109 quia
664 2061 898 2097 consuetudo
918 2061 1077 2097 vertitur
1097 2061 1132 2097 in

140 2126 312 2155 naturam
335 2133 342 2155 :
364 2127 401 2155 et
422 2119 524 2168 quod
544 2120 646 2169 prius
668 2119 880 2156 faciendum
899 2128 978 2156 erat
995 2120 1133 2170 impos-

141 2176 268 2223 sibile,
299 2177 378 2227 jam
410 2178 643 2229 impossibile
675 2188 731 2215 est
763 2180 809 2215 ad
829 2180 1130 2224 *continendum.

140 2237 199 2275 Sic
228 2237 327 2274 enim
357 2238 621 2283 descenditur,
648 2238 725 2274 imo
754 2238 924 2284 caditur,
946 2251 966 2274 a
987 2242 1134 2275 Jerusa-

138 2296 212 2332 lem
238 2296 274 2332 in
301 2295 454 2334 Jericho
480 2312 487 2333 ε
506 2298 556 2333 sic
574 2298 649 2334 itur
665 2298 702 2334 in
723 2299 958 2334 aversionem
976 2307 1012 2334 et
1026 2298 1133 2334 duri—

138 2355 228 2391 tiam
263 2355 400 2392 cordis.
436 2357 504 2393 Hic
535 2365 710 2406 peccator
739 2357 858 2403 fetet,
895 2357 954 2393 hic
983 2358 1132 2406 quatri—

136 2414 282 2452 duanus
310 2424 365 2452 est
389 2429 396 2449 :
420 2416 479 2452 hic
504 2416 596 2466 lapis
629 2416 817 2467 speluncae
842 2414 1134 2467 superpositus³

135 2475 220 2512 illos
259 2475 518 2513 misericordes
555 2476 679 2513 radios
721 2476 838 2513 divini
870 2477 1022 2513 luminis
1057 2490 1134 2514 non

135 2534 298 2571 admittit
332 2550 340 2571 ε
373 2535 433 2571 hic
465 2535 574 2584 juxta
610 2537 866 2586 Scripturam,
904 2551 927 2572 a
974 2546 1133 2581 mortua,

2137 207 2210 243 758

1217 397 1353 433 audeat
1380 410 1426 433 ex
1454 397 1628 434 omnibus
1655 400 1719 448 qui
1745 400 1782 435 in
1812 401 1969 437 circuitu
1995 400 2076 449 ejus
2107 408 2208 437 sunt.

1218 459 1264 493 Et
1283 457 1334 493 sic
1360 457 1538 506 impletur
1557 458 1594 493 in
1614 471 1659 494 eo
1679 460 1781 507 quod
1803 461 1983 509 scriptum
2005 469 2060 496 est
2084 476 2091 497 :
2113 463 2210 496 Pro-

1215 520 1370 564 speritcis
1405 520 1598 552 stultorum
1631 521 1765 566 perdet
1794 523 1874 554 illos
1905 519 1930 556 ⁵.
1968 520 2065 556 'Nihil
2103 532 2208 568 aeque

1215 584 1412 624 exasperat
1437 576 1537 612 illius
1569 578 1753 613 tremendi
1783 578 1925 614 Judicis
1953 578 2208 628 majestatem,

1213 648 1325 683 quam
1358 648 1536 684 peccare,
1565 644 1602 671 et
1627 649 1757 672 secure
1779 650 1953 685 peccare,
1981 646 2018 674 et
2037 638 2083 674 de
2106 638 2207 674 vitiis

1213 694 1319 742 quasi
1347 693 1393 729 de
1423 693 1627 730 virtutibus
1659 695 1822 743 gloriari.
1858 699 1942 732 Non
1971 702 2206 742 miserearis,

1213 755 1386 796 Domine,
1411 753 1462 788 ait
1477 753 1602 801 justus
1617 781 1626 797 ‚
1647 753 1813 789 omnibus
1831 760 1895 802 qui
1915 766 2120 803 operantur
2133 761 2207 791 ini-

1210 816 1384 860 quitatem
1411 810 1438 848 5.
1456 815 1544 848 Haec
1568 820 1623 847 est
1642 812 1819 860 iniquitas
1838 813 1944 861 cujus
1960 827 2035 850 non
2052 816 2207 852 misere-

1210 879 1272 906 tur
1288 874 1411 914 Deus,
1432 884 1516 906 cum
1538 870 1653 906 homo
1673 870 1839 907 defendit
1859 872 1962 920 quod
1982 877 2082 909 Deus
2100 874 2202 920 odit,

1210 937 1247 965 et
1268 938 1460 979 peccatum
1486 928 1668 977 justitiam
1695 931 1848 976 asserit,
1877 939 1919 967 ut
1947 932 2206 981 Omnipotenti

1210 990 1378 1036 resistat,
1397 998 1433 1025 et
1453 989 1703 1038 Omnipotens
1723 990 1788 1026 illi.
1809 994 1898 1026 Haec
1921 1000 1974 1027 est
1990 992 2052 1028 illa
2070 1005 2206 1041 super-

1161 1051 1188 1084 B
1208 1047 1288 1094 bia,
1309 1048 1354 1085 de
1372 1061 1446 1097 qua
1461 1047 1643 1097 scriptum
1660 1057 1714 1084 est
1731 1063 1738 1084 ε
1757 1051 1856 1084 Deus
1870 1050 2037 1097 superbis
2054 1057 2201 1096 resistit,

1208 1107 1411 1143 humilibus
1435 1116 1556 1142 autem
1581 1109 1647 1142 dat
1663 1112 1827 1155 gratiam
1850 1115 1877 1143 7.
1906 1110 2076 1158 Intellige
2101 1110 2205 1158 quod

1209 1166 1320 1212 dicit,
1350 1170 1498 1202 resistit.
1519 1165 1708 1202 Resistere
1728 1167 1828 1202 enim
1853 1180 1898 1203 ex
1919 1180 2028 1216 aequo
2049 1177 2115 1205 est.
2135 1169 2204 1205 Ille

1207 1234 1332 1262 autem
1364 1239 1411 1262 ex
1442 1238 1551 1274 aequo
1584 1229 1666 1262 Deo
1698 1226 1871 1262 resistere
1901 1227 2106 1276 proponit,
2139 1228 2204 1276 qui

1206 1285 1309 1334 quod
1336 1289 1438 1322 Deus
1467 1285 1622 1331 astruit,
1653 1285 1812 1322 destruit
1833 1294 2016 1335 quantum
2043 1286 2081 1322 in
2120 1287 2202 1336 ipso

1205 1353 1280 1389 est,
1304 1344 1433 1380 dicens
1453 1344 1593 1380 malum
1617 1344 1761 1380 bonum
1777 1373 1787 1390 ,
1816 1353 1853 1381 et
1871 1344 2014 1381 bonum
2037 1346 2200 1392 malum;

1203 1417 1371 1441 amarum
1391 1404 1522 1450 dulce,
1545 1412 1581 1440 et
1607 1404 1716 1441 dulce
1734 1418 1924 1451 amarum3
1949 1405 2071 1442 lucem
2092 1414 2200 1443 tene-

1201 1464 1288 1501 bras
1302 1494 1310 1510 ,
1331 1474 1368 1501 et
1386 1464 1562 1501 tenebras
1583 1465 1704 1500 lucem
1722 1463 1748 1501 ⁸.
1771 1469 1878 1502 Hanc
1899 1478 1991 1501 vero
2010 1467 2198 1516 tranquil-

1202 1524 1342 1560 litatem
1375 1524 1495 1560 nutrit
1525 1524 1754 1573 impunitas,
1781 1525 1991 1562 securitatis
2017 1533 2054 1561 et
2075 1526 2198 1576 negli-

1201 1584 1335 1633 gentiae
1377 1592 1514 1629 mater,
1554 1596 1719 1620 noverca
1755 1584 1938 1621 virtutum
1953 1613 1963 1631 ,
2007 1585 2198 1635 religionis

1202 1644 1326 1689 virus,
1349 1644 1447 1680 tinea
1467 1644 1685 1681 sanctitatis.

1567 1775 1742 1813 CAPUT
1770 1774 1823 1815 V.

1413 1891 1460 1920 De
1476 1889 1555 1920 mala
1575 1889 1762 1920 conscientia
1776 1913 1783 1926 ‚
1802 1895 1832 1920 et
1848 1889 1982 1921 turbata.

1254 2002 1289 2038 8.
1315 2001 1413 2038 Mala
1435 2010 1559 2038 autem
1587 2001 1815 2038 conscientia
1834 2009 1908 2047 est,
1933 2001 1998 2038 sed
2023 2001 2193 2049 turbata,

1199 2074 1282 2112 quae
1302 2062 1339 2097 in
1359 2070 1443 2097 actu
1462 2070 1701 2111 peccatorum
1724 2074 1878 2098 suorum
1899 2061 2196 2111 deprehenditur

1200 2132 1237 2159 et
1254 2121 1602 2171 comprehenditur.
1624 2125 1715 2158 Nam
1736 2121 1824 2157 dum
1842 2123 1944 2170 pasci
1961 2135 1999 2158 se
2019 2123 2196 2172 volupta—

1201 2182 1300 2219 tibus
1329 2182 1470 2227 credit,
1500 2181 1754 2218 anxietatibus
1780 2182 1879 2218 cedit
1903 2182 2094 2227 humanis,
2118 2196 2192 2232 pu-

1201 2238 1357 2276 doribus
1399 2248 1436 2275 et
1471 2239 1757 2276 confusionibus
1795 2239 2057 2285 reverberata,
2098 2241 2195 2277 sicut

1201 2299 1384 2347 scriptum
1421 2307 1476 2334 est
1506 2313 1514 2334 :
1548 2302 1593 2333 Ia
1627 2298 1798 2347 operibus
1831 2313 2005 2334 ηιαηιιιιηι
2041 2313 2191 2336 suarum

1200 2358 1482 2406 comprehensus
1507 2366 1560 2392 est
1581 2367 1758 2405 peccator
1777 2364 1804 2393 9.
1831 2357 1945 2393 Verbi
1965 2359 2104 2408 gratia,
2126 2372 2193 2408 ap—

1199 2417 1293 2467 petit
1313 2416 1397 2465 quis
1415 2416 1641 2452 adulterium
1660 2416 1706 2452 ad
1726 2417 1980 2466 voluptatem,
2001 2417 2065 2453 sed
2087 2431 2194 2454 com-

1200 2475 1449 2526 prehenditur
1469 2475 1519 2511 ibi
1538 2475 1584 2511 ad
1605 2475 1830 2511 anxietatem
1853 2490 1861 2511 :
1882 2484 1918 2511 et
1939 2477 2057 2512 multo
2074 2477 2194 2526 major

1201 2544 1256 2572 est
1283 2535 1452 2571 anxietas
1480 2548 1592 2583 quam
1619 2535 1796 2583 voluptas
1823 2534 1867 2570 ad
1901 2548 2052 2571 omnem
2085 2549 2194 2572 vere-

137 2603 317 2642 tanquam
343 2594 391 2630 ab
419 2609 460 2630 eo
485 2601 550 2643 qui
575 2610 646 2632 non
677 2606 748 2640 est,
770 2601 871 2645 perit
897 2596 1075 2644 consessio
1092 2598 1129 2643 ⁴';
1149 2597 1181 2630 D
1200 2595 1374 2632 cundiam
1393 2604 1427 2631 ct
1448 2595 1656 2643 angustiam
1676 2594 1840 2630 hominis
1861 2595 1925 2643 qui
1949 2595 2138 2632 hominem
2157 2604 2193 2632 et

136 2653 207 2690 nisi
233 2654 327 2690 forte
351 2655 532 2691 miserans
557 2658 658 2692 Deus
686 2670 750 2692 cor
776 2656 964 2706 lapideum
989 2657 1026 2694 in
1048 2650 1132 2694 car-

137 2726 251 2749 neum
274 2713 501 2763 quandoque
523 2723 731 2751 convertat.

191 2774 225 2810 7.
259 2776 347 2810 Haec
377 2783 432 2810 est
456 2776 551 2811 mala
579 2775 827 2821 conscientia,
856 2789 939 2824 quae
968 2789 1036 2825 per
1062 2776 1134 2812 hu-

134 2831 303 2881 jusmodi
345 2832 580 2880 discrimina,
609 2834 684 2870 imo
717 2834 925 2884 praecipitia
962 2835 1057 2880 ruit,
1093 2844 1130 2872 et

136 2893 296 2938 corruit,
333 2901 369 2929 et
392 2893 501 2929 irruit
529 2907 644 2943 super
682 2907 720 2930 se
754 2894 884 2944 ipsam.
927 2895 1129 2943 Quomodo

140 2953 369 3002 tranquilla?
389 2956 481 2990 Cum
514 2954 646 2991 mundi
674 2954 785 3004 hujus
814 2956 1043 3005 prosperitas
1075 2956 1129 2992 al—

136 3012 234 3049 ludit
265 3021 301 3049 et
321 3013 463 3059 illudit;
492 3027 576 3050 cum
598 3012 774 3052 laudatur
802 3023 978 3064 peccator
998 3015 1034 3050 in
1064 3014 1130 3050 de-

132 3072 278 3110 sideriis
315 3074 448 3110 animae
485 3087 583 3118 suae,
621 3082 657 3110 ct
688 3074 839 3123 iniquus
872 3073 1127 3120 benedicitur5

135 3146 220 3169 cum
250 3133 485 3182 peccantium
519 3134 646 3181 favor,
673 3142 709 3170 et
736 3147 891 3183 peccare
918 3133 1127 3169 [mli-utinm

189 3264 195 3277 ¹
216 3261 306 3289 Prov-
334 3271 418 3288 xvur
433 3283 440 3296 ,
460 3261 491 3291 3.
510 3278 553 3282 -—
571 3261 643 3292 ²1d.
660 3273 767 3297 xxiii,
789 3263 842 3290 535).
863 3279 901 3281 —
924 3259 936 3282 3
954 3263 1047 3291 Joau.
1065 3272 1096 3290 xi
1113 3283 1120 3296 ,
1138 3262 1194 3296 39,
1217 3263 1272 3290 38.
1293 3279 1326 3282 ν·
1352 3260 1471 3291 Alicdi.
1490 3271 1572 3294 xvii,
1592 3264 1644 3290 21³..
1666 3279 1706 3283 —-
1728 3258 1739 3278 ⁵
1759 3262 1848 3290 l'rm.
1875 3269 1904 3293 ι,
1923 3260 1977 3288 322.

135 3316 327 3347 1.v111.s·.a
373 3318 385 3342 7
404 3312 513 3344 Jacohi
531 3324 575 3351 iv,
596 3318 626 3346 ὓ.
643 3333 682 3336 —
702 3312 715 3334 ⁸
732 3314 800 3345 lsai.
820 3326 850 3352 x,
872 3313 1159 3345 20.--·.³1‘sal.1‹
1176 3338 1183 3347 ,
1209 3315 1243 3344 17
1286 3332 1318 3335 —-

1201 2655 1291 2691 vivit
1307 2683 1315 2699 ,
1338 2663 1375 2690 et
1392 2654 1500 2703 sapit.
1523 2653 1594 2691 Sed
1619 2654 1703 2689 licet
1721 2653 1872 2702 quidam
1895 2654 1931 2688 in
1953 2655 2032 2702 ipsa
2056 2654 2193 2704 deprc—

1198 2715 1382 2750 hcnsione
1421 2721 1693 2749 convertuntur
1727 2712 1772 2748 ad
1808 2713 2034 2759 Dominum,
2072 2714 2192 2763 major

1199 2784 1322 2811 tamen
1350 2781 1404 2809 est
1427 2785 1604 2808 numerus
1632 2773 1668 2808 in
1691 2773 1770 2821 ipsa
1798 2772 2017 2808 confusione
2042 2785 2192 2821 perma-

1196 2835 1365 2872 nentium
1383 2834 1418 2868 in
1441 2841 1594 2882 peccato
1607 2861 1615 2876 ‚
1636 2845 1747 2881 quam
1766 2841 1923 2882 propter
1944 2833 2084 2881 pcccati
2103 2847 2191 2869 con-

1197 2895 1383 2931 fusionem
1411 2892 1628 2928 exeuntium
1653 2906 1672 2927 a
1697 2899 1863 2941 peccato.
1886 2894 1940 2927 De
1965 2891 2190 2928 exeuntibus

1195 2955 1376 3004 scriptum
1407 2961 1462 2988 cst
1483 2967 1490 2988 ε
1516 2955 1634 3000 ΙηψΙι·
1651 2950 1775 2998 fiirics
1803 2965 1925 2986 comm
1960 2956 2188 2999 Ignominia,

1197 3024 1230 3049 et
1261 3022 1431 3062 qua‘rent
1460 3026 1592 3047 numen
1627 3021 1752 3056 tutan,
1784 3014 1997 3047 Damim·'⁰.
2032 3015 2087 3048 De
2112 3025 2187 3048 non

1195 3072 1421 3109 excuntibus
1439 3072 1527 3107 dicit
1543 3072 1724 3107 Jeremias
1746 3071 1930 3121 propheta
1948 3086 1955 3106 :
1974 3072 2190 3106 Permessius

1196 3146 1276 3177 eos,
1308 3134 1489 3177 Domine,
1518 3140 1552 3166 ι’(
1575 3145 1648 3166 nnn
1672 3133 1865 3166 doluerunt
1889 3144 1900 3165 :
1921 3135 2088 3166 attrivisti
2105 3144 2185 3180 cos,

2023 3276 2045 3279 -
2069 3256 2084 3277 s'
2111 3258 2187 3288 l'snl.

1348 3314 1474 3344 ¹⁰1‘sal.
1501 3315 1709 3345 ixxx11.l7.
