2504 3928
335 222 376 253 [τι
1095 225 1382 261 (ιιι,ι,ι·;ιιι«ῖιιίι
1417 229 1610 263 Atinatis
2319 226 2368 261 80

328 295 438 330 hahet
471 296 809 337 iunuortalitatem;
841 305 875 331 et
912 298 988 346 ipse
1022 298 1140 335 lucem
1173 299 1358 336 habitat³²
1374 315 1495 348 pare,
1526 303 1668 352 inquit,
1692 305 1925 351 inidipsum
1953 305 2135 339 dormiam
2155 313 2191 339 et
2217 307 2360 351 requic-

328 354 618 390 iu.·t‹·ee.ssil›ilem
635 363 664 399 ¹,
688 364 722 390 et
744 357 997 404 supereminet
1015 359 1177 395 scientiae
1197 360 1314 408 pleni·
1336 362 1363 394 Α
1381 374 1480 395 acam
1494 362 1519 397 ⁴.
1544 362 1658 397 Maria
1678 361 1723 397 ad
1746 362 1894 397 Domini
1914 362 2026 411 pedes
2043 362 2174 398 sedens
2192 362 2228 398 id
2246 363 2366 412 ipsum

329 413 419 447 tudo
441 413 629 449 eharitatis
650 414 809 459 Christi,
831 415 895 463 qui
915 428 983 451 nos
1005 417 1156 467 impleat
1182 419 1216 454 in
1235 433 1318 454 om-

329 485 412 507 nem
435 472 706 520 plenitudinem
729 473 764 508 in
783 486 821 509 se
843 474 970 522 ipso²,
989 476 1054 523 qui
1075 485 1129 511 est
1156 476 1314 514 benedi—

327 539 406 565 etus
421 534 537 576 Deus,
551 539 586 566 et
600 540 729 580 regnat
744 532 778 568 in
794 533 919 569 onmia
933 534 1066 570 saecula
1079 536 1313 572 saeculorum.

329 594 459 625 Amen.

322 730 1310 746 ======================================================================

614 861 863 918 SERMO
921 864 1022 918 XI.

330 1009 421 1037 'senui
433 1031 442 1044 ‚
466 1020 520 1038 nce
541 1008 694 1040 dimittam
712 1009 816 1047 illum,
843 1010 942 1042 donec
957 1011 1154 1043 introducam
1172 1014 1257 1044 illam
1284 1015 1316 1044 in

1387 419 1537 456 tenebat
1558 435 1565 456 :
1590 419 1813 456 turbabatur
1835 421 1976 456 Martha
1999 421 2094 457 circa
2123 421 2294 470 plurima.
2325 424 2366 472 1¹¹

1385 479 1510 515 multis
1527 478 1714 522 turbatio3
1734 492 1850 527 porro
1870 492 1985 514 unum
2006 488 2060 515 est
2078 479 2325 515 necessarium
2338 477 2366 522 ⁵,

1383 537 1458 573 imo
1491 546 1526 573 et
1554 537 1778 586 jucundum.
1813 537 1984 585 Denique
2016 550 2128 586 qnam
2162 536 2302 573 bonum
2332 545 2370 573 et

1382 610 1493 645 quam
1512 596 1748 644 jucundum,
1781 596 1948 632 habitare
1977 604 2144 633 amantes
2170 596 2207 632 in
2228 599 2367 633 unum!

1379 656 1557 704 Alioquin
1591 669 1665 691 non
1691 663 1745 692 est
1773 654 1953 691 habitatio
1983 655 2020 691 in
2050 668 2193 699 unum,
2228 654 2296 691 nisi
2330 654 2367 690 in

1379 715 1589 763 amore,qui
1603 713 1809 751 inhabitare
1822 714 1904 750 facit
1920 714 2028 750 unius
2041 714 2156 749 moris
2167 714 2202 749 in
2216 712 2330 749 domo
2340 712 2367 749 ὕ.

1379 774 1475 822 Quid
1496 783 1551 810 est
1583 774 1693 810 unius
1714 774 1848 819 moris,
1883 774 1952 809 uisi
1984 773 2124 809 foedere
2154 774 2369 809 conformes

1378 833 1538 869 amoris?
1555 837 1671 870 Amor
1685 833 1890 869 humanum
1904 833 2069 869 animum
2083 836 2163 869 Deo
2177 832 2366 877 conciliat,

1380 899 1417 926 et
1437 892 1528 927 unit.
1552 894 1716 935 «S't'miles,
1746 892 1884 941 inquit,
1906 896 1941 926 ei
1961 896 2115 936 erimus,
2139 905 2220 926 cum
2241 905 2366 939 appa-

1382 956 1533 987 merita
1559 951 1697 999 Quidni
1729 951 1893 987 similes?
1920 950 2159 986 commendat
2186 963 2224 987 se
2251 950 2367 999 ipsam

1383 1009 1533 1045 mundis
1566 1010 1728 1046 revelata
1768 1008 1956 1045 mentibus
1994 1009 2194 1058 majestatis
2232 1008 2369 1045 divinae

371 1059 492 1091 domum
513 1063 621 1093 matris
638 1074 732 1099 ἰιι-(ι’,
759 1071 787 1094 e!
810 1065 840 1094 itt
859 1063 1032 1095 cubiculum
1050 1066 1208 1108 genia-icis
1232 1079 1316 1098 mete.
1332 1067 1359 1100 B
1379 1067 1648 1105 inaestimal)ili8
1680 1068 1942 1117 pulchritudo,
1974 1076 2010 1104 et
2046 1068 2226 1104 intuentis
2257 1068 2294 1103 in
2330 1081 2369 1105 Sss

370 1115 488 1147 (Iantic.
505 1127 573 1158 cap.
593 1128 653 1151 ιιι,
674 1115 710 1151 iu
732 1120 761 1148 Δἰ.

738 1239 899 1253 νοοοοοο-
919 1246 922 1247 ⁷

382 1365 410 1399 1.
445 1364 610 1401 Delicata
640 1374 695 1401 est
727 1366 870 1415 species
903 1367 1042 1403 amoris
1072 1367 1239 1411 affectio,
1277 1376 1313 1403 et

323 1422 425 1458 tenui
441 1424 637 1460 occasione
653 1425 802 1461 laeditur
819 1426 942 1461 laetitia
960 1426 1177 1476 spiritualis.
1198 1431 1315 1462 Amor

319 1483 609 1531 occupationum
632 1492 872 1521 externarum
902 1485 1102 1534 impatiens
1134 1493 1212 1531 est,
1237 1486 1313 1522 suis

323 1540 410 1575 satis
438 1540 580 1577 habens
608 1542 791 1578 inservire
819 1543 978 1592 negotiis
1006 1559 1013 1579 ε
1045 1543 1123 1579 otio
1155 1544 1312 1592 gaudet,

322 1599 448 1645 quiete
463 1600 623 1644 fovetur,
639 1601 684 1636 ad
699 1601 882 1638 internam
900 1602 1184 1638 delectationem
1199 1602 1315 1639 libera

325 1655 463 1694 habere
482 1666 652 1708 tempora
676 1661 816 1696 volens.
836 1666 892 1698 An
919 1675 994 1697 non
1013 1661 1084 1697 hoc
1104 1662 1224 1710 ipsum
1249 1661 1314 1697 tibi

323 1716 474 1753 videtur
494 1731 632 1766 sponsa
654 1719 833 1764 innuere,
858 1720 1036 1756 dilectum
1056 1734 1162 1756 suum
1181 1721 1226 1756 ad
1248 1734 1315 1757 cu-

324 1775 438 1811 biculi
469 1786 653 1813 secretum
690 1778 866 1814 trahens?
896 1780 1009 1815 Novit
1040 1780 1103 1815 illa
1139 1779 1312 1816 dilectum

1378 1127 1552 1163 affectum
1585 1128 1703 1176 rapit,
1739 1135 1775 1163 et
1807 1126 1969 1176 quadam
2001 1126 2145 1162 ratione
2178 1125 2248 1162 sibi
2284 1126 2370 1163 facit

1378 1187 1558 1232 similem,
1588 1186 1677 1222 dum
1699 1185 1798 1222 aliud
1827 1186 1990 1234 cogitare
2017 1198 2092 1221 non
2120 1185 2219 1222 sinit.
2243 1185 2369 1223 Odore

1379 1245 1576 1290 trahimur,
1596 1246 1907 1281 transformantut·
1923 1253 2048 1281 autem
2070 1243 2226 1280 visione.
2243 1247 2369 1280 Bonus

1378 1317 1468 1352 ergo
1483 1304 1814 1353 contemplationis
1830 1317 1919 1340 usus
1930 1333 1939 1350 ,
1954 1304 2018 1352 qui
2036 1303 2146 1339 unius
2160 1302 2276 1339 moris
2292 1303 2368 1338 effi-

1380 1363 1486 1399 citet
1513 1364 1723 1400 conformat
1750 1364 1950 1400 humanam
1983 1372 2168 1409 mentem,
2197 1371 2235 1399 et
2264 1375 2368 1399 sum-

1381 1436 1478 1458 mam
1496 1422 1739 1471 majestatem.
1758 1427 1859 1460 Bona
1878 1424 1935 1460 hic
1954 1424 2097 1460 mansio
2111 1452 2121 1470 ,
2143 1423 2237 1460 ultra
2257 1436 2369 1472 quam

1381 1495 1449 1518 nec
1468 1491 1557 1518 vota
1584 1496 1652 1519 nos
1674 1483 1845 1528 trahunt,
1868 1496 1935 1519 nec
1953 1484 2043 1520 eitra
2066 1492 2193 1520 tenere
2213 1496 2282 1520 nos
2300 1483 2369 1519 de-

1378 1541 1481 1577 bent.
1503 1542 1594 1589 Quis
1615 1541 1677 1577 det
1699 1542 1789 1578 mihi
1812 1550 1851 1578 ut
1879 1542 1957 1578 haec
1983 1543 2030 1579 sit
2054 1542 2201 1591 requies
2222 1555 2304 1579 mea
2332 1542 2368 1578 in

1380 1601 1556 1638 saeculum
1582 1601 1735 1637 saeculi?
1757 1602 1856 1639 Felix
1880 1602 1944 1651 qui
1964 1615 2009 1638 ex
2033 1601 2146 1638 corde
2169 1609 2295 1651 potest
2313 1601 2370 1637 ‹ti-

1380 1673 1463 1696 cere
1482 1675 1489 1696 :
1512 1663 1581 1695 Hic
1600 1660 1773 1696 habitabo
1790 1666 1968 1709 quoniam
1989 1664 2083 1710 elegi
2101 1675 2182 1696 eam
2197 1659 2232 1696 ⁸!
2253 1661 2370 1698 Maria

1380 1719 1559 1767 optimam
1581 1728 1725 1768 partem
1748 1720 1882 1768 elegit,
1905 1734 1988 1769 quae
2010 1733 2085 1756 non
2110 1720 2302 1757 auferetur
2323 1721 2369 1757 ab

1380 1791 1421 1813 ea
1433 1784 1460 1813 9.
1484 1778 1655 1815 Scientiae
1678 1778 1944 1824 destruentur,
1967 1779 2252 1816 evacuabuntur
2277 1794 2370 1830 pro-

323 1848 431 1870 snum
455 1848 529 1871 non
551 1849 660 1885 posse
680 1837 768 1873 foris
788 1851 918 1873 secure
935 1838 1139 1887 possideri,
1166 1852 1232 1874 nec
1253 1839 1313 1874 in-
1334 1835 1360 1870 C
1380 1836 1536 1885 phetiae,
1558 1837 1694 1885 lingua?
1714 1837 1911 1874 cessabunt
1925 1844 1954 1859 ¹⁰
1973 1853 1981 1874 ε
2004 1839 2082 1874 sola
2100 1840 2370 1888 contemplatio

325 1901 425 1941 tegre
443 1894 609 1942 quidem.
632 1899 677 1931 Et
699 1909 812 1944 quam
837 1896 972 1932 durum
996 1905 1051 1933 cst
1070 1898 1208 1933 amanti
1232 1898 1313 1933 ani-

324 1965 425 1988 mum
448 1952 646 1990 dimidiare
667 1967 751 1990 cum
774 1955 921 1991 Christo
942 1964 978 1991 et
1008 1955 1171 1991 mundo!
1193 1959 1313 2003 Quam

321 2011 456 2047 ‹lui-nm
479 2021 552 2058 est,
574 2013 748 2062 inquam,
766 2014 803 2049 in
821 2013 1031 2050 dilectionis
1046 2014 1133 2063 jura
1149 2015 1314 2063 peregri-

323 2084 387 2106 nas
408 2071 605 2108 admittere
626 2086 733 2109 curas
753 2082 790 2109 et
811 2074 961 2109 eoeleste
982 2082 1167 2109 secretum
1195 2086 1314 2109 saeeu-

322 2129 463 2165 laribus
479 2130 652 2167 infestare
668 2130 805 2167 turbis!
822 2130 1051 2179 Blemorfiu',
1071 2132 1194 2181 inquit
1205 2161 1214 2177 ,
1229 2134 1313 2174 Dei,

322 2197 356 2222 1¹!
377 2190 577 2224 {leleclalns
594 2204 671 2225 sum
683 2218 692 2232 ‚
711 2199 746 2225 el
764 2195 987 2226 (nrm-citatus
1006 2205 1084 2227 Sum
1099 2219 1109 2235 ,
1133 2200 1165 2226 et
1185 2189 1318 2238 defecit

321 2249 467 2293 ‚spiritus
484 2261 581 2283 meus
599 2246 623 2284 ³.
643 2250 678 2285 Si
697 2249 897 2285 delectatio
914 2250 1103 2286 memori-'L‘
1118 2250 1184 2286 Dei
1203 2263 1318 2299 nego-

323 2305 374 2340 tio
395 2318 433 2341 se
450 2315 621 2351 exercet,
644 2315 679 2343 et
700 2307 874 2343 exhaurit
897 2309 1067 2357 spiritum
1089 2309 1310 2358 Prophetae,

321 2363 515 2412 quomodo
544 2366 653 2414 plura
676 2367 816 2415 poterit
841 2375 877 2403 ct
905 2369 1104 2417 peregrina
1125 2382 1208 2405 etun
1240 2368 1310 2404 isto

320 2423 519 2471 complecti
541 2425 716 2472 negotia?
734 2429 823 2461 Jure
845 2439 934 2475 ergo
955 2439 1093 2474 sponsa
1112 2439 1194 2462 cum
1219 2425 1309 2462 dile-

320 2490 381 2517 cto
399 2482 612 2519 cubiculum
636 2485 748 2533 petit,
770 2493 811 2521 ut
832 2485 949 2521 libero
970 2487 1021 2522 illi
1043 2486 1214 2522 intendat
1231 2494 1310 2523 stu-

320 2540 404 2583 dio,
440 2549 477 2577 et
507 2556 551 2577 ex
585 2544 699 2579 animi
731 2545 785 2579 sni
823 2543 978 2580 arbitrio
1011 2546 1244 2594 perfruatur,
1275 2553 1311 2580 et

1380 1909 1457 1932 non
1479 1896 1625 1932 excidet
1651 1897 1686 1932 in
1711 1897 1851 1933 futuro.
1888 1897 1978 1934 Ideo
2007 1898 2101 1934 hanc
2133 1897 2199 1934 tibi
2225 1907 2367 1948 partem

1381 1954 1473 2002 elige
1494 1954 1530 1989 in
1551 1955 1743 2003 praesenfi,
1765 1968 1848 2003 quae
1871 1969 1946 1992 non
1966 1957 2156 1992 auferetur
2177 1970 2367 2006 unquam,

1381 2020 1423 2047 ut
1442 2011 1541 2048 dicat
1560 2013 1684 2048 anima
1708 2021 1768 2049 tua
1797 2028 1804 2049 :
1827 2016 1922 2049 Pars
1949 2028 2030 2049 mea
2060 2018 2254 2059 Dominus,
2277 2029 2370 2066 pro-

1381 2079 1510 2120 pterea
1526 2071 1813 2121 contemplabor
1827 2087 1925 2109 eum.
1947 2073 2132 2122 Propheta
2147 2074 2236 2110 dicit
2254 2090 2261 2111 :
2280 2078 2371 2111 Pro-

1377 2140 1508 2178 pterea
1525 2131 1744 2179 exspectabo
1762 2146 1844 2167 eum
1861 2139 1902 2168 ¹¹.
1921 2136 2034 2169 Recte
2049 2133 2213 2181 quidem.
2232 2137 2370 2183 Exspe-

1382 2197 1457 2225 ctat
1477 2190 1578 2226 enim
1599 2189 1689 2226 boui
1711 2191 2009 2239 plenitudinem,
2032 2191 2139 2240 cujus
2156 2194 2368 2242 portionem

1379 2247 1456 2296 jam
1478 2257 1589 2285 tenet.
1613 2250 1685 2297 Qui
1706 2251 2034 2300 contemplationis
2058 2250 2161 2288 bono
2189 2252 2248 2289 hic
2277 2254 2369 2289 frui-

1379 2315 1457 2353 tur,
1478 2309 1638 2358 amplius
1660 2308 1751 2357 quid
1773 2318 1990 2358 exspectare
2010 2318 2134 2358 potest
2152 2311 2190 2346 in
2211 2311 2282 2347 hoc
2304 2325 2367 2362 ge-

1377 2380 1488 2413 nere,
1512 2367 1576 2403 sctl
1597 2367 1696 2403 aliud
1720 2368 1810 2416 quid
1833 2382 1907 2404 non
1928 2367 2051 2405 debet.

1427 2426 1461 2461 3.
1493 2429 1594 2462 Bona
1624 2426 1723 2471 haec,
1755 2426 1855 2462 bona
1882 2436 1969 2463 sunt
1992 2427 2156 2476 reposita
2183 2427 2219 2463 in
2249 2441 2368 2465 annos

1376 2484 1534 2530 multos,
1575 2485 1651 2521 imo
1692 2486 1727 2520 in
1764 2499 1883 2522 annos
1916 2494 2085 2522 cunctos.
2121 2486 2234 2533 Ideo,
2281 2489 2366 2525 felix

1377 2543 1522 2589 anima,
1545 2557 1628 2592 quae
1648 2543 1751 2579 bono
1774 2544 1843 2580 hoc
1868 2545 2001 2581 frueris
2020 2559 2027 2581 :
2049 2546 2221 2594 epulare,
2243 2560 2368 2583 come-

319 2601 445 2647 quieto
470 2610 622 2650 pectore
643 2603 792 2652 penitus
812 2604 1059 2652 amplexetur.
1081 2608 1248 2652 Apparet
1265 2604 1306 2639 il·
1328 2609 1358 2642 D
1376 2602 1444 2647 de,
1481 2603 1567 2651 quia
1599 2617 1685 2652 pars
1723 2603 1800 2639 haec
1830 2617 1906 2640 non
1940 2613 2133 2654 repetetur
2160 2618 2179 2641 a
2211 2614 2267 2652 te,
2301 2607 2366 2643 sed

325 2660 395 2694 lam
413 2661 546 2708 spiritu
563 2661 751 2698 charitatis
769 2662 873 2707 duci,
888 2671 925 2698 et
943 2677 986 2699 cx
1009 2676 1156 2712 sponsae
1175 2664 1310 2700 affectu

324 2718 508 2765 locutam,
549 2722 873 2769 opportunitatem
908 2721 1107 2758 exercendi
1138 2735 1221 2771 qua:
1259 2722 1311 2757 sic

322 2779 455 2825 quaerit
481 2780 630 2815 amoris.

376 2838 409 2872 2.
433 2841 476 2873 tit
497 2839 690 2886 quomodo
714 2853 801 2885 nos,
827 2841 854 2876 si
881 2841 970 2889 quid
989 2841 1046 2876 vel
1070 2840 1232 2877 tenuiter
1252 2848 1310 2876 at-

322 2894 498 2943 tingimus
515 2897 560 2932 de
578 2895 748 2942 Christo,
769 2899 814 2934 de
830 2900 1031 2948 sapientia,
1047 2899 1092 2935 de
1110 2898 1305 2943 suavitate,

321 2953 366 2988 tle
387 2957 713 3004 contemplationis
736 2966 866 3005 gustu,
890 2971 964 2993 non
986 2958 1152 2993 contenti
1173 2957 1306 3005 gratia,

322 3026 388 3048 nec
410 3026 624 3050 mensuram
651 3017 949 3065 contemplantes
972 3026 1135 3052 nostram
1150 3045 1158 3061 ,
1184 3016 1306 3051 statim

322 3084 520 3121 erumpere
541 3087 741 3117 conamur,
772 3083 807 3110 et
826 3074 1000 3111 cubiculo
1022 3075 1183 3111 fastidito
1207 3075 1308 3110 festi-

324 3143 453 3165 namus
477 3131 602 3179 egredi
629 3146 647 3166 a
680 3133 828 3180 requie,
861 3142 897 3168 et
928 3133 973 3168 ab
1002 3134 1061 3168 illa
1082 3133 1234 3181 requie?
1264 3136 1307 3167 Iu

1378 2663 1596 2699 refundetur
1631 2672 1667 2702 ct
1701 2664 1966 2700 reformabitur
1997 2664 2161 2701 uberius.
2190 2668 2278 2702 llaec
2305 2680 2366 2703 re—

1376 2723 1482 2771 quies
1504 2731 1564 2758 tua
1581 2723 1616 2758 in
1634 2724 1807 2759 saeculum
1829 2724 1951 2760 saeculi
1965 2753 1974 2769 ,
1996 2724 2056 2760 hic
2076 2723 2254 2761 habitabo
2275 2740 2367 2776 quo-

1377 2782 1474 2817 niam
1509 2783 1602 2831 elegi
1638 2796 1718 2818 eam
1749 2798 1756 2818 :
1795 2783 1852 2819 hie
1891 2783 2077 2830 inhabita,
2112 2792 2154 2820 ut
2186 2798 2269 2821 cum
2302 2787 2366 2822 illo

1376 2840 1576 2885 inhabites,
1612 2841 1675 2889 qui
1709 2841 1812 2878 sedet
1849 2855 1963 2892 super
1999 2842 2219 2888 Cherubim,
2253 2857 2366 2894 super

1373 2899 1534 2934 scientia}
1557 2899 1852 2948 plenitudinem,
1876 2901 1939 2949 qui
1961 2901 2080 2937 lucem
2101 2900 2242 2938 habitat
2262 2903 2364 2941 inac-

1373 2956 1596 2994 cessibilem.
1624 2962 1668 2995 lit
1687 2959 1771 2994 ideo
1793 2960 1828 2995 in
1852 2961 2118 3008 speculationis
2141 2962 2222 2998 lucc
2243 2963 2289 2999 sit
2310 2963 2365 3000 lo—

1373 3031 1438 3053 cus
1461 3027 1556 3053 tuus.
1580 3019 1646 3054 llic
1669 3018 1795 3054 matris
1829 3027 1899 3055 tum
1920 3020 2092 3055 Ecclesiae
2125 3022 2301 3070 proprius
2330 3032 2364 3059 et

1373 3075 1601 3112 domesticus
1636 3078 1761 3121 locus,
1799 3077 1876 3113 brec
1913 3077 1994 3126 ejus
2025 3078 2159 3114 (lomus
2189 3094 2196 3115 ε
2232 3089 2365 3117 caetera

1374 3149 1456 3183 qure
1497 3145 1671 3172 exercent
1705 3137 1920 3186 temporalis
1956 3138 2184 3174 necessitatis
2217 3140 2363 3186 officia,

371 3270 374 3280 ¹
399 3263 503 3293 l'l'itn.
522 3276 532 3292 x
546 3276 572 3299 ι,
595 3268 644 3295 1Γι.
665 3283 705 3286 ff*
724 3264 945 3306 ²}{pl1es.111.
975 3268 1023 3295 19.
1041 3285 1044 3287 Δ
1061 3285 1081 3287 κ·
1098 3264 1111 3287 3
1129 3266 1207 3296 l‘xal.
1231 3267 1454 3298 t,x›tt1„‘a.-—v
1478 3266 1490 3290 ³¹
1511 3267 1584 3296 l‘sal.
1605 3279 1648 3303 ix,
1667 3272 1696 3297 0.
1711 3287 1750 3289 >--
1770 3266 1782 3289 5
1798 3272 1871 3299 Luc.
1891 3281 1909 3298 x
1924 3293 1930 3303 ,
1949 3272 2062 3299 :to-sav„
2081 3288 2120 3291 --—
2134 3267 2238 3301 6l‘sal.
2258 3283 2360 3308 ι.>.ιίι,

430 3319 443 3342 7
463 3317 469 3343 Ι
489 3317 578 3344 Joan.
598 3326 657 3351 ιιι,
681 3320 710 3345 52.
732 3334 766 3337 —
793 3315 805 3334 ⁸
829 3316 905 3346 l'sal.
926 3326 1025 3344 cxxxi
1042 3339 1049 3352 ‚
1075 3318 1122 3345 Η.

1156 3335 1175 3337 ω
1199 3324 1213 3345 f·
1229 3320 1300 3348 Luc.
1323 3330 1339 3347 x
1354 3342 1360 3354 ,
1386 3320 1439 3349 νἰ’),.

1524 3325 1552 3339 ”’
1569 3322 1576 3348 Ι
1593 3322 1661 3349 (ior.
1679 3331 1738 3349 xiii
1755 3345 1761 3351 .
1786 3324 1835 3351 8«
1893 3320 2196 3359 ¹·'tlu·‹u.111‚52'1.
