2504 3928
333 226 406 261 813³

1003 218 1286 254 TRACTATUS
1316 217 1378 252 DE
1407 216 1695 251 CllARlTATE.

321 304 425 338 sime.
454 300 490 336 Si
515 299 572 335 vis
604 306 644 334 ut
668 295 838 333 recedam
866 308 888 331 a
918 303 970 339 te,
998 294 1044 331 da
1075 295 1164 331 mihi
1197 295 1311 331 alium
1326 292 1355 311 ⁴²

2292 187 2364 250 ⁸254

1359 291 1461 328 “nou
1492 291 1656 327 invenio.
1692 293 1750 326 Me
1784 289 1978 325 miseram!
2007 287 2098 337 quid
2130 290 2263 337 agam?
2291 302 2370 338 quo

323 369 379 403 te,
402 367 442 395 ut
468 358 514 393 de
544 365 577 392 te
604 355 740 403 fugiam
767 354 813 390 ad
839 362 897 398 te3
920 353 1086 403 alioquin
1109 366 1185 389 non
1209 365 1314 389 rece·
1332 358 1361 390 Α
1380 351 1479 387 enim
1510 349 1601 385 abiit
1634 348 1789 384 dilectus
1813 348 1942 383 meus?
1960 346 2135 393 Quaesivi,
2155 354 2191 382 et
2213 359 2288 382 non
2308 348 2368 383 iu-

323 419 407 454 dam
430 432 449 453 a
475 426 522 453 te.
547 419 692 463 Pauper
712 423 857 458 tecum,
879 413 961 449 vilis
986 421 1128 457 tecum,
1151 421 1187 448 ct
1213 411 1316 460 abje-

324 486 381 514 cta
414 476 533 511 multo
563 474 678 522 magis
709 472 916 517 desidet-in,
941 485 1052 521 quam
1084 471 1251 508 habitare
1281 471 1316 506 in

325 534 574 571 tabernaculis
601 541 842 582 peccatorum
861 538 884 568 ¹.
908 535 1012 568 Mora
1032 539 1134 580 grata
1155 539 1210 567 est
1227 530 1316 566 mihi

325 595 491 644 separari
514 607 533 629 a
561 601 594 629 tc
615 592 660 629 ad
683 601 830 642 tempus
852 599 1009 642 propter
1036 600 1070 627 te
1094 606 1100 626 :
1127 590 1191 626 sed
1215 603 1319 626 mora

325 654 436 689 nimis
466 652 652 696 difficilis,
683 651 810 700 aliquo
842 659 1011 699 tempore
1044 663 1123 686 esse
1153 649 1233 685 sine
1266 657 1318 693 te3

326 724 410 748 rum
448 719 572 747 tamen
609 710 661 746 tui
691 709 737 746 ad
773 709 850 745 liaec
880 709 1012 745 misera
1041 721 1211 753 caream,
1241 708 1321 743 sine

326 783 403 819 quo
426 778 549 806 tamen
573 782 652 805 esse
673 782 749 805 non
770 781 935 818 possum.

382 828 468 864 105.
500 830 655 876 Surgam
686 840 776 875 ergo
811 834 847 862 et
879 825 1046 862 circuibo
1083 825 1209 861 omnia
1239 825 1321 860 loca

327 900 411 936 quae
442 895 574 936 potero
600 901 608 922 ε
639 899 715 922 non
745 884 843 921 dabo
868 897 1042 920 somnum
1069 884 1187 920 oculis
1211 883 1319 928 meis,

329 960 398 983 nec.
435 946 603 995 requiem
635 943 796 995 pedibus
830 943 938 988 meis,
977 943 1097 979 donec
1132 942 1320 978 inveniam

328 1018 440 1054 quem
473 1005 593 1054 diligit
618 1005 741 1041 anima
774 1015 865 1039 mea.
895 1001 1086 1038 Effundite
1116 1002 1320 1048 lacrymas,

1383 411 1468 447 veni
1490 410 1613 454 illun1;
1630 408 1775 453 vocavi,
1793 416 1830 443 et
1847 420 1923 443 non
1944 406 2137 456 respondit
2153 406 2254 442 mihi.
2274 410 2372 443 lieu!

1384 470 1454 506 lieu
1470 473 1476 505 !
1494 483 1570 518 quo
1591 468 1682 504 abiit
1701 467 1878 516 gaudium
1901 467 2051 502 mcum?
2069 465 2130 501 ubi
2152 466 2242 502 latet
2265 479 2371 502 amor

1385 532 1513 567 meus?
1543 528 1607 565 ubi
1635 536 1690 564 est
1718 526 1878 562 dulcedo
1909 527 2016 562 mea?
2043 538 2109 561 cur
2139 525 2371 574 dereliquisti

1385 603 1443 624 me
1459 617 1468 633 ,
1492 588 1590 624 salus
1618 587 1723 622 mea?
1747 589 1825 621 lleu
1847 584 1959 621 mihi!
1979 585 2161 629 Domine,
2184 584 2278 620 lieu!
2301 585 2372 620 mi·-

1385 662 1509 684 sercre
1532 647 1666 683 animm.
1689 648 1797 681 meze!
1819 645 2035 690 Recessisti‚
2053 644 2267 680 consolator
2286 644 2372 680 vitae

1387 720 1478 742 meze
1491 735 1500 750 ‚
1524 719 1590 741 uec
1611 704 1821 741 valedixisti
1840 704 1948 749 mihi3
1966 712 2003 740 et
2022 703 2112 752 quid
2130 703 2288 739 faciam?
2307 701 2373 738 ubi

1389 776 1423 803 te
1447 766 1597 802 unicum
1616 764 1759 801 bonum
1787 777 1908 800 meum
1929 764 2144 812 requiram?
2164 771 2201 798 et
2219 761 2374 811 quando

1388 835 1422 862 te
1449 825 1634 861 inveniam
1661 837 1730 873 ego
1755 822 1996 859 miserabilis?
2019 822 2157 859 Renuit
2186 821 2372 857 consolari

1386 885 1508 920 anima
1529 897 1609 919 mea
1626 890 1656 928 Α,
1678 883 1748 919 nisi
1769 883 1806 918 in
1829 891 1877 926 te,
1900 881 2061 918 dulcedo
2080 889 2205 917 sancta
2227 894 2320 916 mea.
2341 883 2373 918 Ο

1387 944 1557 981 Salvator
1578 955 1696 986 meus,
1715 942 1852 986 veniat,
1869 940 2038 985 obsecro,
2055 948 2201 989 tempus
2220 938 2374 988 quando

1389 1002 1560 1038 revelatis
1592 1001 1710 1037 oculis
1733 1000 1926 1048 inspiciam
1954 1011 2065 1047 quem
2091 1011 2192 1033 nunc
2219 1011 2240 1033 a
2263 998 2374 1046 longe

329 1065 429 1100 oculi
454 1064 544 1109 mei,
562 1073 597 1100 et
622 1065 785 1113 plorate,
802 1070 837 1098 et
862 1062 977 1098 nolite
997 1060 1175 1104 delicere,
1195 1067 1232 1096 ct
1250 1072 1320 1095 no-
1342 1064 1370 1097 B
1391 1061 1571 1105 inclamo;
1593 1059 1874 1109 apprehendam
1897 1071 2008 1107 quem
2033 1056 2224 1100 desidem,
2246 1064 2283 1092 et
2299 1069 2375 1091 am-

329 1124 394 1159 lite
414 1124 624 1172 quiescere,
645 1122 765 1158 donec
789 1122 892 1158 illum
913 1120 1122 1156 inveniatis.
1141 1119 1212 1157 Sed
1232 1118 1323 1168 quid

331 1182 462 1219 faciam
479 1211 488 1227 ,
509 1190 550 1218 ut
570 1182 673 1218 illum
691 1181 906 1217 inveniam?
922 1192 998 1228 quo
1017 1191 1075 1214 me
1093 1179 1258 1214 vertam?
1277 1177 1324 1214 ad

331 1254 443 1290 quem
464 1240 550 1276 ibo?
571 1254 591 1276 a
609 1253 684 1289 quo
701 1239 897 1276 consilium
915 1239 1066 1286 petam?
1083 1250 1194 1285 quem
1214 1237 1326 1272 inter-

332 1299 498 1348 rogabo?
527 1300 611 1347 quis
643 1299 715 1334 mei
744 1295 1005 1333 miserebitur?
1036 1295 1119 1343 quis
1152 1308 1210 1330 me
1239 1307 1324 1330 con—

333 1357 538 1395 solabitur?
550 1358 633 1406 quis
649 1357 737 1392 mihi
752 1353 931 1392 indicabit
942 1365 1054 1402 quem
1069 1352 1189 1401 diligit
1203 1353 1326 1388 anima

334 1429 434 1462 mea,
458 1425 498 1453 ut
524 1416 753 1464 requiescat?
779 1411 1072 1460 Circumspicio,
1101 1410 1131 1446 si
1159 1410 1327 1447 viderem

334 1475 460 1520 illum,
479 1483 515 1510 et
538 1487 614 1510 non
643 1473 766 1510 video.
788 1471 931 1509 Vellem
954 1470 1059 1505 illum
1079 1469 1273 1515 invenire,
1291 1478 1328 1506 et

386 1611 394 1626 ¹
419 1605 499 1636 Psal.
519 1616 648 1636 Lxxxm
663 1630 671 1643 ,
695 1609 747 1637 11.
764 1621 807 1627 -
824 1608 836 1624 ²
854 1602 933 1634 Psal.
949 1612 1047 1632 Lxxw
1060 1625 1068 1639 ,
1088 1604 1119 1632 3.

894 2330 1650 2350 ——---—-——Qe==——--

1390 1121 1553 1170 plectar,
1580 1120 1615 1155 in
1642 1118 1777 1167 abysso
1800 1118 1939 1154 amoris
1965 1116 2017 1153 tui
2039 1124 2139 1151 totus
2158 1113 2373 1151 absorbear.

1389 1180 1488 1217 Mliil
1511 1179 1622 1223 mihi,
1644 1191 1790 1227 quaeso,
1814 1177 1894 1213 sine
1916 1185 1949 1212 te
1976 1175 2186 1219 dulcescat,
2211 1173 2262 1209 nil
2284 1186 2374 1222 pre—

1392 1239 1528 1274 tiosum
1550 1237 1712 1274 arrideat
1735 1236 1838 1272 mihi.
1860 1235 1930 1273 Sed
1953 1234 1998 1270 da
2021 1233 2133 1279 mihi,
2154 1232 2254 1269 bone
2269 1236 2375 1276 Jesu,

1391 1298 1428 1334 in
1455 1305 1489 1333 te
1515 1297 1663 1341 vivere,
1692 1304 1729 1332 et
1750 1309 1818 1346 pro
1843 1307 1971 1331 amore
1993 1302 2057 1329 tuo
2086 1292 2199 1338 mori,
2215 1291 2279 1341 qui
2305 1304 2378 1340 pro

1392 1368 1451 1391 me
1482 1354 1697 1403 dignabaris
1730 1368 1866 1392 amarae
1896 1353 2027 1390 mortis
2055 1351 2182 1389 subire
2203 1359 2375 1388 tormen-

1393 1422 1483 1450 tum.
1503 1418 1636 1450 Amen.
