2418 3949
103 158 177 196 653

829 158 934 192 SIVE
963 157 1026 191 DE
1054 155 1193 190 MODO
1223 155 1421 190 ORAMn.

2075 145 2147 182 (352

97 237 197 274 enim
217 235 421 272 conventio
441 234 709 271 consolationis
728 233 774 270 ad
795 234 974 283 suspiria3
995 227 1146 268 laeti-³¹⁵
1159 229 1205 266 de
1225 229 1342 267 Jacob
1362 230 1398 265 in
1421 229 1535 267 Israel
1554 229 1580 274 ³,
1609 228 1799 278 paulisper
1830 225 1970 263 secedit
1991 236 2152 274 sponsus

98 296 158 332 tiae
173 294 220 332 ad
237 295 443 344 lacrymas?
457 295 487 331 si
509 302 632 330 tamen
652 294 731 330 istae
749 293 918 330 dicendae
934 300 1023 329 sunt
1037 291 1087 327 la·
1105 291 1132 323 A
1154 290 1216 326 diu
1233 289 1464 326 desideratus
1477 317 1486 333 ,
1512 289 1587 326 cito
1610 288 1772 337 elapsus.
1801 285 1994 323 Subtrahit
2016 297 2054 320 se
2073 292 2145 319 tam

97 366 256 402 crymae,
283 362 322 390 et
345 366 421 390 non
447 353 574 403 potius
601 353 697 390 roris
715 352 905 389 interioris
926 351 1090 400 desuper

98 414 211 450 infusi
229 414 465 464 superfluens
484 412 717 450 abundantia
730 442 739 459 ,
760 421 798 449 et
824 412 871 448 ad
899 410 1088 448 interioris

98 472 300 510 ablutionis
328 473 508 509 indicium
534 473 730 509 exterioris
754 472 918 509 hominis
945 483 1086 520 purga·

98 541 268 570 mentum
291 547 299 570 ;
323 541 364 569 ut
383 533 478 569 sicut
507 533 545 568 in
574 532 766 582 Baptismo
790 543 993 580 puerorum
1017 542 1086 578 per

99 593 323 629 exteriorem
345 591 577 628 ablutionem
599 592 830 640 significatur
848 598 885 626 et
905 590 1087 639 figuratur

99 653 258 689 interior
283 652 415 688 animae
437 649 603 696 ablutio;
624 650 676 686 ita
694 650 754 686 hie
780 663 801 686 e
832 657 964 685 contra
987 656 1086 684 exte-

99 711 238 747 riorem
262 710 493 746 ablutionem
513 708 672 744 interior
689 707 877 758 praecedat
895 707 1082 757 purgatio.

99 773 130 807 Ο
153 769 276 806 felices
301 769 501 816 lacrymae,
531 780 601 816 per
628 779 721 815 quas
750 767 904 803 maculae
930 767 1088 803 interio-

99 841 158 865 res
184 836 415 877 purgantur‚
441 840 509 876 per
535 839 627 875 quas
652 835 893 875 peccatorum
914 826 1088 862 incendia

98 886 411 936 exstinguuntur!
441 884 544 921 Beati
566 884 630 932 qui
657 883 708 919 sic
733 884 889 933 lugetis,
915 885 1002 933 quia
1032 884 1087 920 ri-

99 943 274 981 debitis¹.
309 947 352 980 In
378 943 438 979 his
467 941 642 990 lacrymis
671 954 853 990 agnosce,
889 955 911 978 o
940 942 1084 987 anima,

1154 363 1173 385 a
1197 349 1376 398 praedicta
1400 348 1566 392 visione,
1590 360 1701 396 quam
1721 359 1742 382 a
1762 344 1959 382 dulcedine
1976 351 2145 380 contem-

1154 409 1330 458 plationis
1353 416 1509 444 :manet
1538 416 1662 443 tamen
1692 418 1858 455 praesens
1889 411 2070 453 quantum
2098 400 2144 438 ad

1151 467 1477 518 gubernationem.

1488 583 1662 621 CAPUT
1691 582 1804 620 VIII.

1175 704 1267 746 Quod
1285 704 1389 746 gratiae
1402 705 1567 735 occultatio
1584 703 1623 734 ad
1642 710 1763 744 tempus
1783 702 1874 732 nobis
1889 706 2071 741 cooperetur
2089 700 2118 728 iu

1583 756 1712 787 bonum.

1205 884 1241 919 9.
1264 882 1335 920 Sed
1359 895 1405 919 ne
1428 882 1578 927 timeas,
1594 894 1616 917 o
1632 892 1790 930 sponsa,
1810 891 1857 915 ne
1877 878 2075 927 desperes,
2100 888 2146 910 nc

1153 942 1345 979 existimes
1363 949 1396 978 te
1417 941 1609 977 contemni
1625 968 1634 985 ,
1658 940 1687 976 si
1706 939 1899 989 paulisper
1921 936 1987 973 tibi
2004 934 2151 971 subtra-

99 1015 281 1053 sponsum
301 1010 406 1038 tuum
419 1029 428 1047 ,
451 1001 679 1050 amplectere
695 999 962 1036 desideratum.
982 1003 1091 1036 Nunc
1110 997 1136 1031 Β
1156 1001 1212 1037 hit
1231 1014 1392 1050 sponsus
1408 1000 1540 1036 faciem
1560 1012 1678 1036 suam.
1700 998 1837 1036 Omnia
1855 998 1925 1033 ista
1941 1007 2149 1044 cooperan-

103 1070 271 1099 torrente
300 1070 335 1098 te
363 1060 568 1110 voluptatis
594 1059 763 1106 inebria,
786 1072 876 1109 suge
903 1059 950 1096 ab
975 1059 1092 1096 ubere

101 1121 367 1159 consolationis
383 1119 464 1169 ejus
481 1120 537 1156 lac
551 1127 588 1155 et
605 1118 689 1155 mel.
710 1122 800 1155 Haec
817 1127 906 1155 sunt
921 1118 1092 1155 miranda

102 1180 325 1217 munuscula
352 1187 390 1216 et
416 1178 570 1224 solatia,
598 1191 680 1227 quae
709 1177 815 1214 dedit
838 1177 904 1214 tibi
932 1190 1094 1227 sponsus

109 1248 215 1285 tuus,
234 1239 394 1289 gemitus
409 1238 551 1274 scilicet
569 1246 606 1274 et
631 1239 817 1287 lacrymae.
841 1237 1005 1274 Adducit
1026 1236 1094 1274 tibi

99 1306 232 1348 potum
247 1297 285 1334 in
303 1297 360 1334 his
376 1297 552 1345 lacrymis
571 1297 609 1333 in
625 1310 815 1333 mensura.
835 1300 901 1333 Hae
921 1297 1095 1345 lacrymae

101 1365 191 1394 sunt
210 1356 278 1393 tibi
294 1369 411 1406 panes
430 1356 490 1392 die
509 1369 551 1392 ac
570 1365 702 1401 nocte3
725 1368 840 1405 panes
856 1355 986 1404 utique
1004 1368 1096 1391 con-

104 1417 297 1452 firmantes
316 1428 383 1452 cor
402 1415 566 1451 hominis
579 1443 588 1460 ,
617 1423 655 1450 et
674 1414 862 1450 dulciores
889 1426 1003 1463 super
1022 1413 1095 1450 mel

104 1482 142 1510 et
161 1473 301 1510 favum.
322 1476 354 1511 O
373 1473 534 1510 Domine
553 1476 663 1518 Jesu,
685 1473 715 1509 si
738 1472 832 1509 adeo
859 1481 948 1508 sunt
968 1472 1097 1509 dulces

103 1534 182 1570 istae
200 1533 376 1582 lacrymae
389 1561 399 1578 ,
419 1545 503 1581 quae
520 1545 566 1568 ex
582 1532 766 1568 memoria
784 1540 821 1568 et
839 1531 1097 1568 desideriotui

104 1592 337 1638 excitantur3
360 1604 472 1640 quam
494 1590 604 1626 dulce
625 1591 697 1627 erit
713 1591 891 1640 gaudium
903 1619 913 1636 ,
932 1589 1034 1640 quod
1051 1603 1098 1626 ex

105 1651 302 1688 manifesta
319 1651 372 1687 tui
388 1650 534 1686 visione
547 1650 730 1699 capietur!
748 1651 786 1687 Si
803 1650 897 1686 adeo
918 1649 1026 1686 dulce
1043 1658 1100 1686 est

108 1709 199 1746 flere
227 1722 298 1759 pro
317 1717 374 1754 te,
401 1721 514 1757 quam
543 1707 651 1745 dulce
681 1709 752 1745 erit
777 1708 940 1758 gaudere
965 1709 1012 1745 de
1039 1711 1096 1745 te!

108 1768 180 1807 Sed
205 1768 296 1817 quid
316 1767 535 1816 hujusmodi
557 1776 700 1804 secreta
719 1768 909 1817 colloquia
935 1768 1100 1818 proferi—

106 1840 191 1865 mus
206 1828 245 1864 in
262 1826 484 1878 publicum?
505 1841 573 1864 cur
591 1826 800 1864 ineffabiles
816 1836 854 1864 et
869 1827 1100 1864 inenarrabi-

105 1886 159 1923 les
174 1887 330 1923 affectus
352 1885 479 1922 verbis
495 1885 762 1922 communibus
780 1899 962 1923 conamur
978 1887 1101 1936 expri-

106 1946 233 1981 mere?
262 1945 457 1994 Inexperti
486 1945 573 1982 talia
603 1958 682 1981 non
703 1946 938 1994 intelligunt,
969 1946 1039 1982 nisi
1059 1959 1102 1982 ea

107 2004 322 2052 expressius
357 2004 486 2052 legant
510 2004 548 2040 in
580 2003 679 2040 libro
711 2005 972 2054 experientiae,
1005 2017 1101 2054 quos

106 2062 188 2111 ipsa
207 2062 341 2099 doceat
360 2064 502 2099 unctio.
518 2064 638 2100 Aliter
649 2072 774 2100 autem
796 2065 919 2101 littera
937 2064 1103 2101 exterior

107 2134 185 2158 non
203 2121 357 2171 prodest
371 2122 578 2172 quidquam
595 2124 743 2173 legenti.
760 2123 952 2160 Modicum
971 2123 1100 2172 sapida

107 2189 163 2216 est
186 2181 296 2218 lectio
314 2182 514 2219 exterioris
533 2182 666 2218 litterae
680 2210 689 2227 ,
712 2183 783 2219 nisi
803 2183 964 2232 glossam
986 2190 1023 2218 et
1039 2182 1101 2218 in-

108 2239 283 2277 teriorem
303 2253 454 2278 sensum
471 2250 594 2278 sumat
611 2254 657 2277 ex
673 2241 800 2278 corde.

451 2372 626 2412 CAPUT
654 2373 748 2413 VII.

401 2489 449 2517 De
462 2486 566 2527 gratiae
583 2487 800 2518 occultatione.

165 2597 201 2632 8.
235 2598 266 2632 O
296 2596 445 2642 anima,
483 2597 546 2633 diu
578 2598 834 2646 protraximus
871 2610 1098 2634 sermonem.

111 2660 256 2692 Bonum
285 2656 384 2692 enim
417 2665 497 2693 erat
516 2670 585 2694 nos
605 2658 664 2693 hic
684 2671 786 2702 esse,
821 2671 905 2693 cum
929 2661 1040 2694 Petro
1066 2665 1103 2693 et

109 2719 256 2751 Joanne
276 2715 523 2764 contemplari
543 2717 700 2764 gloriam
720 2716 866 2765 sponsi3
887 2724 924 2752 et
940 2716 1005 2752 diu
1022 2729 1102 2751 ma-

111 2785 200 2809 nere
220 2785 304 2808 cum
323 2773 386 2808 illo
404 2787 411 2808 :
433 2774 462 2810 si
483 2775 595 2810 vellet
610 2775 671 2810 hic.
687 2775 789 2821 fieri,
810 2788 888 2811 non
910 2775 1006 2820 duo,
1023 2788 1101 2811 non

111 2832 180 2867 tria
203 2830 492 2878 tabernacula2,
517 2833 582 2869 sed
607 2846 747 2879 unum,
769 2834 806 2870 in
833 2847 910 2883 quo
936 2847 1102 2871 essemus

111 2889 240 2934 simul,
272 2897 310 2925 et
340 2890 449 2926 simul
478 2890 764 2928 delectaremur.
799 2892 871 2930 Sed
899 2892 977 2941 jam
1012 2892 1101 2929 dicit

111 2960 270 2996 sponsus
289 2961 296 2983 :
318 2950 469 2984 Dimitte
491 2951 666 2995 me,j{1m
688 2955 784 2986 enim
803 2954 970 2986 ascendit
987 2964 1101 2986 auro—

111 3019 173 3047 ra,
194 3004 272 3053 jam
292 3005 417 3041 lumen
435 3007 562 3056 gratiae
576 3016 613 3043 et
632 3007 883 3044 visitationem
901 3021 1015 3056 quam
1034 3007 1100 3043 dc—

111 3062 299 3100 siderabas
331 3065 518 3115 accepisti.
553 3070 648 3103 Data
683 3079 772 3115 ergo
806 3066 1071 3102 benedictione
1089 3093 1099 3110 ,

113 3122 336 3159 mortificato
364 3136 481 3160 nervo
502 3125 676 3171 semoris,
706 3134 743 3162 et
775 3134 916 3162 mutato
946 3125 1100 3162 nominc

162 3245 300 3275 wiwth.
324 3257 354 3283 ν,
371 3251 398 3275 ξι.
416 3264 450 3268 -—
479 3254 486 3267 ¹
506 3247 547 3278 ΙιΙ.
564 3260 655 3281 xxii„
683 3252 744 3280 tri.
825 3248 834 3266 ¹
851 3253 929 3279 t'wur
950 3261 1064 3281 xxxin.
1088 3254 1103 3278 ’ἒ

1158 1068 1219 1096 tur
1250 1059 1318 1096 tibi
1348 1060 1386 1096 in
1418 1059 1585 1102 bonum,
1612 1066 1649 1093 et
1678 1057 1724 1093 de
1757 1068 1903 1092 accessu
1934 1062 1972 1090 et
2002 1064 2149 1089 recessu

1157 1121 1302 1156 lucrum
1325 1119 1499 1169 acquiris.
1521 1117 1604 1155 Tibi
1624 1117 1745 1160 venit,
1764 1115 1832 1152 tibi
1852 1122 1889 1151 et
1908 1112 2059 1150 recedit.
2079 1114 2152 1146 Ve-

1160 1180 1216 1216 nit
1237 1180 1284 1216 ad
1306 1179 1625 1223 consolationem,
1647 1175 1788 1213 recedit
1807 1174 1854 1211 ad
1880 1171 2084 1215 cautelam,
2106 1182 2153 1204 ne

1160 1239 1381 1289 magnitudo
1398 1236 1668 1275 consolationis
1684 1234 1841 1271 extollat
1855 1241 1912 1277 te;
1929 1243 1994 1276 ne,
2008 1229 2038 1266 si
2056 1240 2154 1264 sem—

1160 1312 1229 1349 per
1252 1298 1354 1348 apud
1375 1306 1410 1334 te
1438 1298 1486 1334 sit
1511 1308 1693 1347 sponsus,
1726 1293 1882 1342 incipias
1911 1298 2155 1327 contemnere

1163 1357 1327 1402 sodales,
1359 1365 1397 1393 et
1424 1356 1522 1391 hanc
1552 1354 1770 1391 continuam
1791 1350 2046 1388 visitationem
2075 1358 2153 1382 nou

1158 1415 1235 1465 jam
1258 1416 1386 1466 gratiae
1405 1413 1609 1460 attribuas,
1630 1412 1695 1449 sed
1722 1420 1879 1448 naturae.
1902 1412 2008 1446 Hanc
2029 1414 2153 1442 autem

1163 1475 1318 1524 gratiam
1343 1475 1403 1511 cui
1429 1474 1531 1518 vult,
1561 1481 1598 1509 et
1617 1470 1770 1521 quando
1796 1469 1878 1505 vult
1905 1477 2067 1517 sponsus
2088 1464 2156 1499 tri—

1163 1534 1269 1579 buit3
1303 1546 1380 1570 non
1407 1533 1513 1583 quasi
1544 1531 1630 1580 jure
1658 1528 1897 1566 haereditario
1927 1523 2154 1576 possidetur.

1163 1594 1325 1643 Vulgare
1345 1591 1590 1642 proverbium
1611 1598 1686 1634 est,
1708 1587 1813 1638 quod
1833 1586 1947 1623 nimia
1965 1581 2158 1620 familiari—

1166 1660 1221 1688 tas
1239 1652 1339 1701 parit
1359 1659 1634 1699 contemptum.
1657 1647 1814 1685 Recedit
1838 1658 1951 1695 ergo,
1984 1656 2031 1680 ne
2061 1642 2158 1678 sorte

1167 1712 1277 1748 nimis
1303 1711 1474 1748 assiduus
1503 1716 1787 1750 contemnatur,
1820 1714 1856 1742 et
1884 1704 2019 1742 absens
2043 1700 2160 1749 magis

1119 1771 1146 1806 C
1165 1770 1419 1814 desideretur,
1443 1768 1677 1805 desideratus
1696 1765 1842 1803 avidius
1859 1770 2072 1813 quaeratur,
2095 1758 2161 1794 diu

1166 1830 1342 1880 quaesitus
1362 1829 1513 1865 tandem
1533 1828 1672 1876 gratius
1689 1825 1916 1862 inveniatur.
1933 1826 2116 1859 Praeterca
2133 1817 2163 1854 si

1168 1902 1363 1938 nunquam
1384 1889 1529 1925 deesset
1548 1887 1610 1923 hic
1630 1884 1838 1922 consolatio
1859 1883 1967 1934 (quae
1987 1887 2161 1930 respectu

1168 1947 1304 1984 futurae
1321 1948 1470 1997 gloriae,
1493 1959 1576 1995 quae
1596 1944 1825 1982 revelabitur
1846 1943 1882 1979 in
1910 1940 2019 1978 nobis
2033 1968 2043 1985 ‚
2067 1938 2162 1975 aeni-

1167 2009 1328 2057 gmatica
1356 2015 1410 2043 est
1437 2014 1474 2042 et
1493 2019 1537 2042 ex
1558 2004 1713 2055 parte),
1738 2011 1960 2053 putaremus
1986 2000 2080 2036 forte
2102 1997 2162 2033 hic

1168 2065 1305 2102 habere
1323 2065 1510 2102 civitatem
1534 2071 1749 2100 manentem
1762 2090 1771 2107 ‚
1793 2070 1829 2098 et
1849 2061 1973 2096 minus
1989 2059 2161 2108 inquire-

1168 2138 1295 2161 remus
1324 2125 1502 2160 futuram.
1537 2126 1590 2159 Ne
1619 2134 1710 2170 ergo
1735 2120 1905 2157 exsilium
1938 2118 2163 2167 deputemus

1168 2197 1239 2233 pro
1271 2183 1412 2233 patria,
1445 2181 1593 2218 arrham
1626 2193 1696 2229 pro
1729 2178 1840 2229 pretii
1869 2189 2026 2214 summa.
2055 2176 2165 2212 Venit

1169 2254 1352 2291 sponsus,
1376 2249 1413 2277 et
1432 2239 1574 2276 recedit
1594 2238 1755 2275 vicissim
1778 2251 1785 2272 ε
1807 2249 1908 2272 nunc
1936 2233 2164 2271 consolatio-

1167 2313 1253 2336 nem
1269 2300 1447 2345 afferens,
1466 2310 1567 2335 nunc
1581 2297 1799 2333 universum
1814 2302 1973 2331 stratum
1990 2300 2162 2329 nostrum

1167 2359 1206 2395 in
1229 2359 1485 2396 infirmitatem
1505 2365 1755 2394 commutans.
1776 2354 1971 2403 Paulisper
1990 2364 2061 2389 nos
2076 2364 2162 2401 per-

1169 2418 1282 2454 mittit
1306 2426 1455 2467 gustare
1484 2428 1597 2465 quam
1632 2414 1757 2451 suavis
1787 2421 1860 2458 est,
1894 2419 1931 2448 et
1960 2419 2161 2460 antequam

1168 2477 1280 2527 plene
1300 2478 1506 2514 sentiamus
1520 2504 1530 2521 ,
1553 2488 1592 2512 se
1613 2473 1802 2510 subtrahit
1819 2486 1827 2508 :
1849 2479 1886 2507 et
1904 2471 1954 2507 ita
1973 2470 2079 2519 quasi
2097 2470 2164 2506 alis

1123 2541 1156 2574 D
1172 2538 1345 2587 expansis
1367 2549 1482 2585 supra
1502 2548 1570 2571 nos
1594 2533 1778 2577 volitans,
1813 2537 1997 2580 provocat
2023 2542 2092 2565 nos
2116 2528 2163 2564 ad

1169 2596 1387 2633 volandum.
1418 2593 1530 2641 Quasi
1559 2592 1657 2629 dicat
1686 2605 1694 2627 ε
1721 2593 1816 2626 Ecce
1846 2601 1978 2637 parum
2007 2587 2164 2636 gustatis

1169 2669 1280 2706 quam
1305 2654 1428 2692 suavis
1451 2665 1533 2689 sum
1556 2660 1593 2687 et
1609 2649 1753 2694 dulcis;
1781 2647 1845 2684 sed
1873 2647 1902 2683 si
1923 2646 2035 2682 vultis
2051 2646 2162 2695 plene

1168 2715 1325 2752 saturari
1341 2714 1409 2749 hac
1421 2710 1639 2755 dulcedine,
1657 2708 1797 2745 currite
1812 2714 1896 2756 post
1914 2718 1971 2741 me
1987 2706 2024 2741 in
2042 2706 2161 2742 odore

1168 2781 1449 2822 unguentorum
1466 2781 1656 2813 meorum,
1670 2765 1851 2802 habentes
1865 2777 2014 2801 sursum
2032 2764 2161 2810 corda,

1168 2831 1233 2868 ubi
1251 2845 1320 2881 ego
1338 2843 1419 2867 sum
1441 2830 1478 2865 in
1496 2828 1650 2864 dextera
1668 2825 1738 2862 Dei
1754 2824 1883 2862 Patris.
1911 2822 1967 2860 lbi
1986 2822 2161 2860 videbitis

1168 2904 1247 2936 me,
1269 2903 1344 2926 non
1371 2902 1439 2938 per
1467 2887 1662 2937 speculum
1681 2885 1720 2921 in
1739 2884 1958 2933 aenigmate,
1981 2882 2045 2918 sed
2069 2883 2162 2919 facie

1168 2949 1212 2984 ad
1237 2949 1366 2984 facicm
1387 2962 1394 2983 :
1415 2955 1450 2983 et
1479 2946 1589 2996 plene
1609 2942 1788 2994 gaudebit
1815 2955 1880 2978 cor
1909 2949 2100 2986 vestrum,
2125 2950 2161 2978 et

1167 3006 1343 3056 gaudium
1372 3013 1538 3042 vestrum
1567 3016 1678 3040 nemo
1706 3002 1810 3038 tollet
1834 3013 1854 3037 a
1881 2998 2000 3037 vobis.

1122 3254 1179 3278 fit!
