2504 3928
326 205 401 238 (367

323 277 506 328 siquidem
534 277 679 325 jactura
708 284 781 319 est,
805 289 889 312 cum
921 289 988 313 nec
1016 276 1113 314 bona
1135 277 1354 325 t'acinms‚³⁹

1045 202 1404 238 MEDITATIONES
1434 201 1661 236 Ptls'StMAE.

1359 277 1554 313 'materno
1573 276 1671 312 suisti
1694 274 1880 321 nutritus,
1898 284 1935 312 et
1960 277 2085 312 tunica
2109 285 2170 314 tua
2193 278 2260 314 fnit
2284 279 2367 328 pel—

2292 204 2366 239 668

323 350 389 373 nec
413 337 511 372 bona
532 336 757 382 cogitamus,
780 335 843 370 scd
861 349 926 371 cor
943 344 1112 373 nostrum
1134 352 1200 387 per
1216 352 1311 376 vaua
1329 339 1356 371 A
1378 337 1440 372 lis-'¹
1466 335 1682 372 secundina.

323 405 357 432 et
379 396 521 431 inutilia
546 394 702 429 sinimus
724 395 861 441 vagari.
885 395 999 431 Nimis
1022 404 1142 432 tamen
1164 398 1313 434 ‹tit'ticite

326 463 379 490 cst
401 467 465 489 cor
486 463 630 496 tencre,
648 461 683 487 et
699 452 745 488 ab
765 454 890 489 illicita
908 455 1132 503 cogitatione
1149 470 1311 494 servare.

331 513 445 549 Nimis
465 513 575 548 ctiam
604 511 754 547 dil'licilc
779 520 832 547 cst
855 521 1018 548 terrenas
1048 516 1313 563 occupationes

325 572 466 620 absque
498 571 660 620 peccatis
683 572 904 608 ministrare.
928 577 1168 622 Qtutproptcr
1191 576 1315 611 nullus

326 631 570 680 semctipstuu
590 631 814 679 dijudicare,
837 640 873 667 et
892 634 1212 681 comprcbcudcrc
1230 648 1316 684 pcr-

329 691 424 726 secte
450 699 595 739 potest;
615 690 678 726 sed
701 691 825 726 multis
841 692 1130 740 cogitationibus
1151 708 1315 743 occupa—

331 757 408 794 tus,
426 748 647 798 sibimetipsi
665 750 788 798 aliquo
807 750 919 785 modo
938 761 1059 787 mauct
1077 753 1288 801 incognitus
1304 783 1312 799 ‚

326 817 368 845 ut
396 810 551 845 omnino
571 809 673 858 quod
702 811 835 846 tolerat
859 812 1006 847 nesciat.
1032 815 1233 861 Propterea
1255 827 1314 849 ur-

323 876 433 916 gente
458 869 583 911 exitu,
604 868 788 905 subtiliori
810 878 969 906 terretur
988 879 1086 906 metu
1107 886 1113 907 :
1136 873 1222 920 quia
1245 873 1312 908 etsi

324 928 386 963 illa
411 941 495 976 quae
518 928 644 974 scivit,
662 941 853 977 nunquam
875 943 913 965 se
934 931 1216 979 praetermisisse
1238 945 1313 968 me-

324 987 449 1033 minit,
469 987 643 1024 formidat
664 996 786 1024 tamen
801 1001 843 1024 ea
861 1001 942 1037 quae
960 989 1088 1025 nescit.

1472 440 1522 469 Sic
1540 438 1664 468 indutus
1683 443 1712 467 ct
1734 444 1860 468 ornatus
1883 449 2062 479 progressus
2075 450 2106 469 es
2123 440 2160 470 ad
2177 450 2252 477 nos;

1521 496 1583 523 Nec
1601 502 1718 521 memor
1731 502 1762 521 cs
1779 492 1920 531 quamsit
1938 492 2004 522 vilis
2023 493 2107 533 origo
2121 494 2176 523 tui.

1475 550 1583 576 Forma
1598 569 1604 583 ,
1625 544 1710 573 l'avor
1726 543 1830 584 populi
1845 568 1852 580 ,
1873 543 2128 585 servorjtucuilis
2142 569 2149 582 ‚
2165 556 2300 587 opesque

1519 599 1705 639 Subripucrc.
1719 597 1773 627 tibi
1790 608 1914 627 noscere
1928 598 2000 639 quid
2016 599 2053 629 sit
2064 598 2169 630 bomo.

1383 694 1479 730 lx'ihil
1506 693 1604 729 aliud
1633 701 1687 727 cst
1721 692 1854 737 bomo,
1875 705 1986 740 quam
2008 706 2155 742 sperma
2188 694 2366 740 fetidum,

1383 765 1508 788 saccus
1528 761 1753 795 stercorum,
1772 750 1875 786 cibus
1896 752 2094 788 vermium.

1429 850 1496 877 Post
1512 846 1666 876 bominem
1686 846 1796 876 vermis
1808 871 1815 883 ‚
1832 852 1899 888 post
1914 858 2046 877 vermem
2062 847 2152 878 sodor
2161 854 2191 879 et
2205 848 2328 879 horror.

1471 900 1520 929 Sic
1533 900 1636 929 innon
1650 898 1805 930 bominem
1822 900 1949 930 vertitur
1968 901 2067 931 onmis
2083 900 2186 933 homo.

1378 991 1453 1025 Cur
1475 1001 1565 1037 ergo
1587 987 1776 1037 superbis,
1801 987 1915 1023 bomo
1929 1016 1938 1033 ,
1961 987 2156 1024 attendens
2171 989 2274 1036 quod
2293 989 2367 1025 sui—

1332 1049 1359 1083 B
1380 1049 1425 1084 sti
1447 1048 1518 1083 vile
1543 1060 1689 1092 semen,
1709 1055 1745 1083 et
1764 1048 1913 1095 sanguis
1941 1048 2158 1096 coagulatus
2177 1049 2214 1084 in
2237 1056 2366 1093 utero;

1379 1107 1515 1144 deinde
1548 1108 1702 1143 miseriis
1727 1106 1836 1155 liujus
1857 1107 1942 1142 vitae
1965 1107 2157 1156 expositus
2182 1116 2218 1143 et
2238 1120 2370 1156 pecca-

1379 1175 1435 1211 to,
1463 1174 1591 1215 postea
1614 1166 1749 1201 vermis
1769 1174 1806 1201 et
1830 1164 1934 1200 cibus
1957 1165 2138 1200 vermium
2161 1166 2308 1201 futurus
2331 1165 2368 1201 in

1377 1225 1546 1260 tumulo?
1575 1224 1673 1272 Quid
1705 1223 1889 1273 superbis,
1914 1224 2036 1273 pulvis
2053 1232 2090 1260 et
2120 1225 2233 1271 cinis,
2263 1223 2370 1272 cujus

676 1138 850 1177 CAPUT
879 1139 955 1178 111.

463 1267 510 1296 De
523 1265 669 1306 dignitate
685 1265 795 1296 animae
807 1288 814 1301 ,
833 1272 863 1296 et
885 1266 1001 1296 vilitate
1020 1266 1169 1307 corporis.

378 1399 410 1435 7.
436 1402 466 1435 Ο
494 1398 635 1443 anima,
655 1398 723 1434 Dei
749 1398 921 1445 insignita
945 1398 1122 1447 imagine,
1143 1399 1316 1435 decorata

326 1457 591 1501 similitudine,
623 1456 848 1505 desponsata
880 1456 971 1501 side,
1001 1457 1128 1493 dotata
1152 1458 1312 1507 spiritu,

323 1515 518 1564 redempta
536 1516 736 1563 sauguine,
755 1516 932 1564 deputata
952 1529 1036 1551 cum
1057 1516 1210 1564 Angelis
1224 1545 1233 1562 ,
1251 1529 1315 1552 ca-

323 1587 396 1622 pax
421 1573 682 1619 beatitudinis,
705 1574 823 1610 baeres
847 1573 1036 1619 bonitatis,
1053 1575 1208 1611 rationis
1229 1589 1315 1625 par-

322 1632 438 1681 ticeps
455 1660 464 1676 ,
487 1631 578 1680 quid
605 1631 671 1668 tibi
693 1645 779 1668 cum
799 1645 911 1668 carne
938 1633 1038 1669 unde
1058 1634 1126 1669 ista
1149 1634 1315 1682 pateris?

322 1694 483 1740 Propter
511 1703 661 1727 carnem
693 1691 812 1727 aliena
841 1700 993 1740 peccata
1024 1691 1089 1728 tibi
1121 1693 1314 1742 imputan-

327 1759 408 1794 tur,
436 1758 473 1786 et
498 1758 570 1785 tuae
597 1749 750 1798 justitiae
776 1751 881 1798 quasi
909 1764 1057 1800 pannus
1078 1760 1316 1788 menstruatae

1381 1291 1582 1331 conceptus
1612 1283 1743 1331 culpa,
1766 1283 1866 1319 nasci
1891 1283 2060 1327 miseria,
2083 1283 2210 1319 vivere
2231 1295 2363 1332 poena,

1383 1342 1478 1377 mori
1500 1342 1698 1389 angustia?

1476 1436 1566 1468 Unde
1580 1437 1717 1478 superbit
1730 1437 1823 1468 homo
1837 1461 1844 1475 ‚
1860 1438 1948 1478 cujus
1958 1437 2118 1479 conceptio
2131 1439 2220 1481 culpa
2233 1462 2240 1476 ,

1523 1490 1615 1521 Nasci
1632 1500 1722 1532 poena
1735 1513 1743 1527 ‚
1763 1489 1851 1520 labor
1867 1490 1927 1520 vita
1942 1513 1949 1527 ‚
1968 1500 2091 1520 necesse
2103 1491 2201 1521 mori?

1380 1576 1455 1611 Cur
1482 1587 1630 1610 carnem
1669 1582 1769 1610 tuam
1811 1573 1984 1623 pretiosis
2019 1573 2131 1610 rebus
2161 1575 2372 1624 impinguas

1381 1642 1417 1670 et
1439 1633 1598 1670 adornas
1612 1662 1621 1679 ,
1643 1646 1754 1682 quam
1776 1642 1859 1682 post
1879 1646 2019 1682 paucos
2040 1633 2117 1670 dies
2142 1647 2286 1670 vermes
2306 1634 2369 1671 de-

1381 1694 1551 1730 voraturi
1579 1701 1664 1729 sunt
1685 1693 1721 1728 in
1745 1693 1941 1742 sepulcro3
1961 1693 2122 1729 animam
2146 1706 2237 1729 vero
2270 1701 2369 1729 tuam

1382 1765 1461 1787 nou
1479 1751 1642 1788 adornas
1660 1750 1768 1787 bonis
1789 1750 2075 1800 operibus,quae
2091 1755 2171 1787 Deo
2186 1760 2222 1787 et
2235 1756 2360 1801 Ange-

323 1817 547 1857 reputantur
566 1815 573 1829 ¹
587 1837 596 1854 ,
617 1817 728 1857 atque
750 1817 789 1845 tu
810 1809 888 1858 ipsa
907 1809 953 1845 ad
972 1810 1126 1845 nihilum
1153 1819 1207 1846 est
1231 1811 1317 1847 red-
1334 1817 1361 1852 C
1380 1811 1424 1847 lis
1439 1810 1519 1859 ejus
1534 1810 1794 1860 praesentanda
1807 1810 1912 1846 estin
1925 1810 2027 1846 coetis
2039 1811 2053 1845 Ρ
2067 1814 2190 1858 Quare
2207 1812 2367 1848 animam

322 1877 423 1914 acta,
445 1876 480 1904 et
501 1869 605 1917 quasi
627 1868 785 1904 nibilum
811 1877 848 1904 et
873 1869 984 1905 inane
1002 1878 1187 1918 reputata.
1216 1870 1316 1907 Nihil

324 1929 423 1964 enim
445 1927 546 1964 aliud
568 1935 623 1963 est
652 1941 738 1963 caro
752 1957 760 1973 ‚
780 1941 863 1963 cum
882 1941 955 1976 qua
974 1936 1072 1964 tanta
1096 1937 1151 1964 est
1169 1928 1234 1964 tibi
1253 1942 1315 1965 so—

326 1987 459 2031 cietas,
476 1987 544 2022 nisi
566 1999 698 2036 spuma
720 2000 806 2023 caro
829 1987 923 2023 facta
936 2015 945 2032 ,
966 1987 1084 2036 fragili
1103 1988 1234 2023 vestita
1250 1987 1317 2023 de-

325 2059 412 2082 core
432 2060 439 2082 :
459 2045 523 2082 sed
544 2046 633 2091 erit,
651 2045 804 2095 quando
824 2047 893 2082 erit
911 2046 1070 2083 cadaver
1086 2047 1264 2083 miserum
1280 2055 1317 2083 et

323 2104 540 2154 putridum,
575 2113 612 2141 et
644 2105 748 2141 cibus
779 2106 1085 2143 vermium.Nam
1114 2114 1318 2155 quantum-

322 2177 484 2212 cumque
504 2164 718 2210 excolatur,
736 2177 885 2213 semper
906 2178 993 2200 caro
1015 2173 1079 2201 est.
1099 2166 1135 2201 si
1158 2165 1317 2213 diligen-

323 2231 378 2259 ter
395 2223 609 2259 consideres
622 2252 630 2267 ,
652 2223 741 2271 quid
762 2237 829 2272 per
849 2236 891 2258 os
912 2232 948 2259 et
965 2237 1071 2259 nares
1087 2233 1315 2272 caeterosque

322 2283 493 2331 corporis
534 2291 678 2318 meatus
712 2282 926 2331 egrediatur
942 2312 950 2328 ,
992 2284 1101 2319 vilius
1131 2285 1319 2332 sterquili-

323 2341 425 2376 nium
453 2354 643 2389 nunquam
668 2341 802 2376 vidisti.
820 2342 854 2377 Si
873 2342 1039 2390 singulas
1058 2342 1138 2390 ejus
1154 2342 1318 2378 miserias

322 2411 544 2434 enumerare
567 2398 679 2443 velis,
702 2412 813 2447 quam
834 2400 879 2434 sit
896 2408 1049 2435 onerata
1074 2400 1252 2448 peccatis,
1271 2401 1317 2436 ir-

323 2459 429 2494 retita
446 2459 544 2494 vitiis
557 2486 566 2502 ,
585 2458 758 2507 pruriens
776 2459 1093 2507 concupiscentiis
1108 2487 1116 2503 ,
1133 2468 1315 2508 occupata

321 2516 557 2566 passionibus
571 2545 579 2561 ‚
598 2517 741 2566 polluta
759 2516 1014 2561 illusionibus,
1033 2530 1152 2565 prona
1168 2531 1316 2567 semper

1382 1878 1482 1906 tuam
1513 1869 1728 1918 vilipendis,
1754 1869 1844 1906 etei
1867 1882 2017 1905 carnem
2044 1869 2260 1918 pra-ponis?
2289 1874 2370 1907 Do-

1383 1930 1520 1966 minam
1545 1929 1730 1975 ancillari,
1752 1937 1788 1964 et
1812 1929 1982 1964 ancillam
2003 1928 2211 1975 dominari,
2238 1943 2371 1979 magna

1382 1988 1514 2025 abusio
1530 1997 1595 2025 est.
1617 1992 1734 2024 Totus
1759 1987 1910 2037 quidem
1931 1988 2000 2024 iste
2017 1988 2179 2024 mundus
2199 1988 2245 2024 ad
2263 1990 2371 2026 unius

1381 2049 1514 2084 animae
1536 2048 1698 2097 pretium
1720 2047 1893 2083 aestimari
1913 2060 1988 2083 non
2013 2055 2150 2096 potest.
2168 2051 2250 2085 Non
2269 2048 2368 2084 euim

1381 2120 1452 2157 pro
1485 2116 1562 2143 toto
1590 2106 1731 2142 mundo
1751 2110 1851 2142 Deus
1877 2106 2038 2143 animam
2069 2120 2172 2143 suam
2194 2107 2281 2143 dare
2302 2120 2372 2144 vo-

1382 2167 1470 2212 luit,
1489 2179 1599 2215 quam
1621 2179 1690 2215 pro
1714 2167 1836 2202 anima
1854 2166 2016 2202 humana
2035 2165 2149 2202 dedit.
2169 2165 2371 2203 Sublimius

1383 2239 1472 2274 ergo
1493 2234 1548 2261 est
1568 2226 1700 2261 animae
1718 2225 1900 2273 pretium,
1917 2238 2000 2272 quae
2015 2238 2088 2260 non
2106 2225 2175 2260 nisi
2193 2225 2372 2273 sanguine

1384 2285 1518 2321 Christi
1546 2284 1675 2320 redimi
1703 2284 1836 2333 potuit.
1857 2287 1975 2331 Quam
1999 2296 2088 2331 ergo
2109 2284 2371 2319 commutatio-

1384 2356 1468 2379 nem
1491 2343 1595 2379 dabis
1616 2357 1685 2392 pro
1703 2344 1826 2379 anima
1847 2351 1925 2387 tua,
1939 2343 2002 2391 qui
2019 2356 2088 2392 pro
2107 2343 2222 2378 nihilo
2243 2342 2308 2378 das
2325 2343 2372 2378 il-

1383 2402 1478 2437 lam?
1495 2405 1628 2437 Nonne
1651 2402 1716 2437 Dei
1738 2403 1852 2438 Filius
1869 2415 1952 2437 cum
1971 2410 2066 2437 esset
2086 2402 2122 2436 in
2139 2401 2222 2437 sinu
2240 2402 2369 2446 Patris,

1381 2474 1400 2496 a
1431 2461 1617 2509 regalibus
1645 2460 1794 2496 sedibus
1816 2473 1885 2509 pro
1912 2472 1955 2496 ea
1981 2459 2197 2504 descendit,
2225 2468 2266 2495 ut
2287 2472 2368 2495 eam

1381 2519 1556 2555 liberaret
1575 2534 1594 2555 a
1612 2528 1795 2568 potestate
1819 2518 1958 2554 diaboli
1976 2520 2125 2566 ?Q11a111
2150 2531 2234 2553 cum
2257 2518 2370 2554 vidis-

319 2577 356 2612 in
380 2577 539 2621 malum,
555 2577 645 2611 etin
664 2589 776 2611 omne
793 2576 923 2612 vitium
947 2577 1142 2625 proclivis,
1163 2578 1311 2626 plenam
1331 2590 1362 2622 D
1381 2587 1434 2615 set
1463 2588 1702 2628 pcccatorum
1735 2578 1886 2614 funibus
1912 2578 2113 2623 irretitam,
2136 2576 2368 2626 jamjamque

321 2635 423 2670 omni
441 2634 662 2670 confusione
680 2642 716 2670 et
734 2635 937 2683 ignominia
956 2635 1134 2670 invenies.
1156 2639 1313 2685 Propter

320 2707 470 2730 carnem
499 2694 615 2730 homo
639 2694 793 2729 vanitati
818 2695 947 2730 similis
970 2695 1084 2730 sactus
1101 2703 1155 2730 est
1174 2701 1185 2716 ²
1200 2724 1208 2740 ‚
1226 2696 1312 2744 quia

320 2768 364 2791 cx
387 2756 449 2791 illa
463 2755 595 2791 vitium
614 2756 930 2804 concupiscentiae
953 2756 1085 2801 traxit,
1101 2769 1176 2804 quo
1194 2757 1312 2806 capti-

319 2827 387 2850 vus
410 2823 556 2850 tenetur
573 2823 609 2849 et
626 2815 865 2860 incurvatur,
888 2823 928 2850 ut
945 2814 1072 2863 diligat
1091 2816 1309 2861 vanitatem,

318 2881 354 2908 et
371 2873 601 2922 iniquitatem
618 2882 810 2922 operetur.

373 2933 407 2967 8.
438 2931 599 2968 Attende
611 2959 621 2975 ‚
641 2932 754 2967 bomo
766 2961 774 2977 ,
787 2932 877 2980 quid
894 2932 993 2969 fuisti
1010 2943 1095 2969 ante
1112 2941 1235 2969 ortum
1248 2963 1257 2979 ,
1275 2942 1312 2970 et

320 2990 411 3039 quid
437 3003 475 3026 es
497 2990 543 3026 ab
565 2999 650 3026 ortu
673 3004 791 3040 usquc
815 2992 860 3027 ad
879 3005 1052 3028 occasum
1066 3021 1074 3037 ‚
1091 3000 1204 3040 atquc
1221 2993 1310 3041 quid

320 3049 393 3085 eris
410 3058 495 3099 post
515 3049 610 3085 banc
628 3050 753 3085 vitam.
774 3051 945 3086 Profecto
967 3051 1034 3086 suit
1057 3051 1210 3099 quando
1237 3065 1312 3088 non

320 3122 401 3145 eras
420 3123 426 3144 :
448 3117 577 3158 postea
606 3109 652 3145 de
672 3109 732 3145 vili
754 3110 906 3145 materia
923 3111 1038 3146 sactus
1052 3139 1060 3155 ,
1081 3118 1116 3145 et
1133 3110 1312 3147 vilissimo

319 3181 446 3218 panno
470 3168 682 3213 involutus,
703 3169 920 3204 menstruali
939 3170 1121 3217 sanguine
1144 3169 1180 3206 in
1204 3179 1312 3206 utero

371 3299 376 3312 ¹
399 3293 463 3323 lsai.
482 3304 570 3329 LXIV,
591 3297 621 3323 6.
641 3312 677 3316 —
702 3300 712 3314 ²
736 3294 813 3324 Psal.
837 3298 1008 3330 ‹tx1.111,!i.

1379 2638 1616 2673 daemonibus
1631 2638 1862 2683 tradendam,
1878 2646 1917 2673 ut
1933 2646 2052 2673 morte
2069 2645 2252 2686 perpetua
2264 2636 2365 2672 dam-

1380 2707 1551 2743 naretur,
1570 2698 1672 2733 ssevit
1690 2711 1801 2747 super
1817 2698 1936 2742 illam,
1957 2710 2040 2746 quae
2058 2697 2147 2732 ssere
2169 2709 2206 2733 se
2227 2696 2369 2732 nescie-

1379 2756 1441 2792 bat
1464 2772 1470 2792 :
1494 2771 1562 2792 nec.
1583 2758 1704 2793 solum
1730 2757 1831 2792 licvit
1846 2785 1855 2802 ,
1872 2756 1935 2792 scd
1953 2757 2063 2792 etiam
2081 2755 2200 2792 occidi
2223 2768 2261 2792 se
2281 2768 2369 2804 pcr-

1379 2817 1500 2861 misit,
1538 2825 1578 2851 ut
1612 2817 1779 2866 pretioso
1811 2816 2001 2864 sanguinis
2040 2815 2095 2851 sui
2132 2814 2254 2864 pretio
2288 2827 2369 2850 eam

1379 2874 1592 2911 redimeret.

1470 2965 1582 3006 Aspice
1596 2988 1603 3001 ‚
1624 2964 1761 2995 mortalis
1775 2989 1781 3002 ,
1796 2976 1852 3006 pro
1869 2971 1897 2995 te
1919 2964 2010 2994 datur
2030 2963 2128 2994 hostia
2145 2963 2222 2994 talis.

1432 3052 1467 3087 9.
1498 3054 1690 3099 Agnosce,
1713 3050 1847 3095 bomo,
1874 3063 1985 3098 quam
2011 3049 2146 3085 nobilis
2166 3057 2221 3085 est
2246 3048 2369 3085 anima

1382 3118 1463 3156 tua,
1489 3118 1525 3145 et
1555 3123 1666 3158 quam
1694 3110 1818 3158 gravia
1841 3110 1980 3145 fuerint
1999 3108 2079 3157 ejus
2100 3109 2274 3153 vulnera,
2298 3121 2368 3157 pro

1379 3168 1515 3219 quibus
1540 3181 1689 3205 necesse
1714 3169 1781 3205 fuit
1800 3168 1985 3206 Christum
2007 3168 2211 3205 Dominum
2231 3167 2367 3203 vulne-

1417 3301 1429 3316 ἃ
1449 3296 1550 3331 Alias,
1575 3293 1715 3338 prllicia.
