2504 3928
350 202 424 234 out>

351 275 440 310 nihil
466 275 499 310 iu
525 288 570 309 eo
589 281 775 309 remaneat
794 273 896 322 quod
924 277 1040 309 Deum
1062 275 1239 311 oll'cndat.
1261 279 1330 312 'l'e—

350 346 456 374 nere,
475 346 520 367 ne
551 331 726 367 deorsum
761 344 960 375 corruens,
995 340 1102 368 terrae
1132 346 1200 382 per
1231 346 1335 369 amo-
1355 336 1381 366 Α

351 404 426 425 rem
470 390 669 434 inhaereat,
712 398 746 425 et
786 403 831 426 ne
865 390 1030 426 inanium
1067 392 1334 440 cogitationum

349 450 503 498 pulvere
529 449 730 485 sordescat.
759 449 977 494 Custodiie,
1008 458 1048 486 ut
1068 451 1130 486 ille
1159 451 1265 500 eujus
1287 460 1336 487 ta-

349 508 592 545 bernaculum
623 518 677 544 cst
710 522 794 544 cum
826 508 1069 554 hmninibus3
1101 509 1209 558 cujus
1241 510 1336 546 deli-

348 568 413 603 cife
450 577 535 604 suut
572 580 652 604 esse
688 580 772 603 cum
819 568 902 603 liliis
937 568 1152 614 hominum,
1189 569 1252 618 qui
1290 569 1336 605 ad

348 627 485 662 ostium
511 636 582 663 stat
603 636 638 663 et
659 627 801 676 pulsan
825 641 1063 677 quacumque
1086 629 1177 665 hora
1198 630 1337 666 intrare

349 687 527 729 voluerit,
549 687 822 735 i·eecpt;u·uluin
839 687 1021 723 mundum
1041 688 1216 724 iuveniat.
1237 692 1337 724 Deus

347 746 446 780 enim
471 746 534 794 qui
567 745 758 781 mnmtitiae
787 754 930 782 amator
953 755 1030 792 est,
1057 760 1122 783 cor
1151 748 1335 796 pollutum

350 805 516 842 habitare
547 819 620 842 non
656 814 791 854 potest.

409 866 462 901 12.
485 869 641 901 Exterso
663 865 775 913 igitur
799 865 953 914 speculo
968 893 977 909 ,
999 874 1034 900 et
1054 865 1118 902 diu
1141 866 1338 914 diligenter

349 925 535 973 iuspecto,
558 925 686 973 incipit
705 925 736 959 ei
765 924 933 972 quwdam
953 924 1068 960 divini
1092 926 1242 961 luminis
1263 927 1337 961 ela-

350 984 435 1019 ritas
457 984 702 1026 interlucere,
723 992 760 1019 et
787 984 989 1019 immensus
1008 984 1158 1032 quidam
1179 985 1337 1021 insolita·

951 199 1232 234 TRACTATUS
1261 201 1325 234 tm
1356 199 1606 233 13'1'tsstttoRt
1639 199 1785 233 quo.

1342 274 1390 290 333³

2315 200 2389 235 700

1748 331 1923 369 CAPtJT
1955 332 2041 370 vlt.

1600 455 1644 482 De
1662 458 1764 482 niente
1783 451 1892 482 dex-oin
1907 476 1914 489 ,
1935 453 2076 483 columna
2102 459 2200 484 sexta.

1462 572 1517 607 13.
1548 571 1583 607 si
1616 584 1705 618 ergo
1735 571 1964 620 persenseris
1997 570 2178 608 desideria
2206 579 2267 608 tua
2292 572 2389 609 circa

1403 631 1609 666 exteriores
1637 630 1904 666 delectationes
1933 631 2051 676 affici,
2080 639 2117 667 et
2144 631 2390 679 cogitationes

1405 698 1485 725 tuas
1505 688 1646 737 jugiter
1671 691 1707 725 in
1731 691 1783 725 eis
1804 690 2002 740 occupari;
2027 702 2110 726 cum
2130 702 2263 739 magna
2284 691 2389 726 solli-

1403 750 1569 785 citudine
1599 750 1780 798 compelle
1811 762 1893 794 eas,
1925 762 1992 785 ncc
2021 749 2216 798 permittas
2248 748 2294 785 ad
2325 763 2390 785 eor

1405 815 1507 842 tuum
1529 807 1666 842 intrare
1693 821 1700 842 :
1729 806 1793 843 sed
1812 806 1889 842 redi
1911 806 1955 842 ad
1973 820 2036 842 cor
2056 815 2181 851 tuum,
2204 815 2239 842 et
2259 806 2307 843 ibi
2330 807 2389 842 in-

1404 874 1500 901 trare
1517 874 1553 901 et
1576 865 1742 902 habitare
1762 866 1863 902 omni
1887 865 2001 902 modo
2024 865 2145 901 stude.
2167 869 2272 902 Mens
2289 866 2389 902 enim

1403 939 1486 973 qua=
1509 939 1546 961 se
1566 925 1611 961 ad
1635 926 1692 962 sui
1721 924 2059 962 considerationem
2088 938 2163 960 non
2193 924 2388 969 sublevat,

1404 985 1466 1019 sed
1485 984 1606 1020 adhuc
1628 997 1695 1033 per
1719 984 1819 1020 varia
1843 983 2028 1019 desideria
2052 983 2253 1032 spargitur,
2273 992 2310 1019 et
2326 997 2391 1020 va-

350 1043 505 1078 visionis
535 1042 660 1078 radius
680 1042 796 1077 oculis
817 1041 940 1077 cordis
969 1055 1163 1092 apparere.
1190 1047 1242 1079 Ex
1263 1044 1334 1078 hu·
1357 1043 1383 1076 B
1403 1043 1466 1079 riis
1505 1041 1792 1092 cogitationibus
1829 1042 1901 1077 hue
1942 1041 2104 1090 illucque
2134 1041 2389 1086 distenditur;

343 1101 406 1149 jus
443 1101 594 1137 luminis
629 1101 772 1137 visione
798 1102 944 1137 animus
975 1102 1247 1147 inflammatus,
1277 1103 1338 1137 in—

349 1161 439 1210 cipit
474 1161 611 1196 munda
644 1161 767 1196 cordis
802 1161 880 1196 acie
916 1173 1077 1209 superna
1120 1170 1155 1196 et
1192 1161 1338 1197 interna

349 1221 587 1269 conspicere,
634 1223 753 1255 Deum
800 1219 975 1267 diligere,
1014 1222 1093 1255 Deo
1136 1219 1337 1265 inluerere,

348 1289 481 1316 cuncta
507 1293 591 1328 quie
620 1278 775 1321 adsunt,
810 1287 986 1326 tanquam
1008 1291 1083 1314 non
1115 1278 1188 1313 sint
1214 1279 1338 1314 consi-

349 1339 472 1383 derat,
503 1339 646 1374 cunctis
672 1338 747 1373 suis
777 1336 1037 1373 affectionibus
1064 1338 1273 1382 renuntiat,
1300 1346 1336 1373 et

351 1407 451 1433 totus
473 1398 540 1433 soli
571 1396 752 1432 incumbit
774 1397 912 1439 amori,
938 1397 1057 1432 sciens
1085 1397 1205 1432 solum
1233 1397 1334 1432 illum

351 1469 430 1491 csse.
449 1455 620 1497 beatum,
655 1454 718 1502 qui
746 1457 866 1489 Deum
887 1461 998 1489 amat.
1030 1456 1149 1490 Porro
1178 1453 1223 1489 ad
1255 1462 1337 1489 tan-

351 1523 423 1550 tam
468 1513 624 1562 gratiam
663 1525 856 1560 nunquam
900 1513 1079 1561 pertingit
1122 1525 1227 1548 mens
1271 1526 1339 1563 pei·

349 1573 541 1622 propriam
587 1571 822 1608 industriam.
873 1572 941 1608 Dei
974 1571 1116 1608 donum
1156 1581 1213 1608 cst
1247 1572 1338 1617 hoc,

349 1646 424 1668 non
450 1630 612 1667 hominis
645 1630 832 1666 meritum.
864 1630 934 1667 Sed
967 1629 1108 1679 absque
1141 1630 1256 1666 dubio
1289 1639 1340 1667 ta-

348 1692 419 1727 lem
442 1704 483 1727 ac
508 1698 647 1726 tantam
673 1689 828 1737 gratiam
853 1689 914 1725 ille
939 1690 1094 1738 accipit,
1113 1690 1178 1738 qui
1203 1689 1340 1726 deserit

349 1764 476 1786 curam
507 1749 653 1793 saecuti,
680 1757 716 1784 et
744 1749 819 1797 agir.
846 1762 972 1784 curam
1004 1750 1061 1785 sui
1085 1764 1092 1785 :
1120 1750 1184 1798 qui
1214 1750 1340 1786 studet

1405 1116 1480 1138 non
1500 1110 1624 1151 potest
1640 1115 1678 1137 se
1702 1101 1821 1150 ipsam
1848 1101 1884 1136 in
1915 1112 2031 1135 unum
2058 1099 2233 1147 colligere
2262 1114 2268 1134 :
2304 1100 2392 1148 quia

1405 1161 1571 1197 nondum
1599 1161 1706 1196 novit
1724 1159 1770 1196 ad
1800 1159 1974 1208 seipsam
1996 1158 2158 1202 intrare,
2181 1157 2244 1194 sed
2270 1158 2392 1194 adhuc

1403 1220 1440 1256 in
1460 1221 1535 1256 imo
1552 1228 1608 1257 est
1621 1220 1846 1267 cogitatione
1860 1227 1897 1254 et
1912 1218 2209 1254 conversatione.
2228 1217 2392 1267 Ideoque

1404 1292 1478 1314 non
1501 1286 1624 1327 potest
1645 1278 1689 1313 ad
1710 1291 1752 1313 ea
1773 1291 1856 1326 quae
1873 1290 1986 1326 supra
2004 1277 2122 1326 ipsam
2140 1285 2249 1323 sunt,
2268 1290 2392 1326 penna

1403 1338 1731 1386 contemplationis
1750 1337 1914 1372 evolare.
1940 1337 2066 1373 Discat
2084 1349 2172 1386 ergo
2189 1337 2392 1387 dispersio-

1402 1409 1467 1432 nes
1499 1396 1622 1432 eordis
1648 1408 1875 1445 congregare
1906 1409 1912 1430 :
1949 1405 2137 1432 assuescat
2166 1397 2203 1432 in
2236 1397 2393 1434 internis

1402 1454 1478 1492 suis
1503 1455 1716 1500 immorari,
1739 1454 1886 1491 studeat
1911 1456 2149 1503 evagationes
2173 1457 2308 1492 mentis
2331 1470 2392 1492 rc-

1403 1513 1607 1564 stringere,
1637 1522 1674 1550 et
1695 1514 1882 1550 exteriora
1910 1514 2037 1550 omnia
2065 1514 2248 1552 oblivisci.
2269 1515 2394 1552 Discat

1404 1574 1482 1610 sola
1503 1573 1601 1609 bona
1627 1573 1803 1609 interiora
1829 1586 1976 1617 amare,
2007 1581 2044 1609 et
2072 1574 2134 1610 illa
2163 1573 2394 1623 frequentius

1404 1633 1592 1683 cogitare,
1626 1632 1691 1681 qui
1722 1632 1767 1668 ad
1801 1632 2007 1668 coelestium
2038 1632 2393 1682 contemplationem

1405 1693 1578 1737 anhelat,
1607 1692 1671 1740 qui
1701 1691 1739 1728 in
1766 1691 1981 1727 divinorum
2014 1692 2182 1728 notitiam
2215 1693 2390 1741 suspirat.

1405 1754 1574 1800 Cumque
1611 1764 1650 1788 se
1692 1750 1890 1799 diligenter
1927 1750 2146 1796 attenderit,
2188 1759 2225 1788 et
2254 1751 2394 1787 diutius

350 1823 388 1846 se
408 1811 620 1858 frequenter
637 1808 822 1856 cogitare,
850 1816 886 1843 et
902 1807 1100 1856 diligenter
1117 1822 1338 1857 agnoscere,
1362 1809 1388 1844 C
1405 1810 1620 1859 quaesierit;
1651 1823 1734 1846 cum
1767 1809 1915 1845 tandem
1950 1810 2137 1846 invenerit
2169 1811 2290 1859 qualis
2322 1810 2391 1854 sit,

349 1869 441 1918 quid
472 1870 550 1918 ipse
577 1876 645 1904 est.
674 1867 768 1903 Redi
793 1880 882 1915 ergo
907 1867 952 1903 ad
979 1881 1044 1903 cor
1071 1877 1198 1914 tuum,
1227 1878 1263 1904 ct
1283 1869 1340 1905 ‹li-

348 1930 506 1978 ligenter
540 1929 684 1965 discute
703 1937 736 1964 te
762 1927 900 1977 ipsum.
921 1928 1125 1965 Considera
1149 1930 1247 1966 unde
1273 1944 1341 1966 ve-

350 1989 427 2033 nis;
458 2002 533 2037 quo
564 1987 708 2032 tendis;
741 1987 935 2036 quomodo
970 1989 1084 2034 vivis;
1121 1989 1211 2038 quid
1244 1990 1341 2038 agis3

349 2048 439 2096 quid
469 2048 627 2092 amittis;
665 2056 848 2096 (plautum
879 2048 1049 2096 quotidie
1077 2049 1251 2098 prolicis;
1286 2050 1342 2085 vel

349 2117 532 2157 quantum
565 2107 693 2143 delicis
726 2121 732 2142 ε
765 2106 904 2156 quibus
937 2108 1226 2156 cogitationibus
1263 2122 1342 2145 ma-

349 2169 403 2215 gis
422 2167 644 2212 incursaris3
665 2166 801 2215 quibus
827 2166 1090 2203 affectionibus
1112 2168 1342 2216 frequentius

350 2227 540 2273 tangeris3
574 2227 634 2261 vel
670 2226 809 2274 quibus
844 2226 1093 2262 tentationum
1128 2227 1284 2262 maculis
1320 2240 1340 2263 a

351 2285 513 2333 maligno
533 2285 665 2334 spiritu
693 2285 813 2320 aerius
834 2285 1080 2334 impugnaris.
1105 2288 1196 2321 Cum
1221 2293 1340 2321 totum

351 2344 540 2381 interioris
563 2344 835 2392 exteriorisque
856 2344 1019 2380 hominis
1049 2353 1183 2380 statum
1214 2353 1250 2380 ct
1274 2345 1342 2380 lia-

354 2404 492 2449 bitum,
514 2405 551 2440 in
572 2411 754 2452 quantum
775 2402 952 2452 possibile
973 2411 1049 2448 cst,
1068 2404 1177 2452 plene
1199 2417 1342 2451 cogno-

354 2464 469 2508 veris,
497 2472 533 2498 et
564 2476 638 2498 non
669 2463 789 2498 solum
823 2462 943 2511 qualis
970 2462 1039 2506 sis,
1067 2475 1197 2498 verum
1229 2463 1340 2498 ctiam

351 2523 470 2570 qualis
489 2534 568 2557 esse
588 2520 789 2567 debueras;
811 2521 857 2556 de
877 2521 1092 2569 cognitione
1121 2521 1172 2556 tui
1203 2522 1342 2569 poteris

1406 1877 1519 1906 restat
1554 1877 1595 1905 ut
1623 1869 1850 1905 revelatione
1886 1869 2013 1905 divina
2048 1878 2248 1919 cognoscat
2275 1869 2395 1918 qualis

1406 1941 1486 1965 esse
1506 1928 1659 1973 debeat,
1682 1929 1791 1977 quale
1820 1929 1954 1965 mentis
1974 1928 2174 1965 aedilicium
2194 1932 2274 1966 Deo
2294 1942 2393 1978 prae-

1407 2001 1539 2037 parare
1552 2016 1562 2033 ,
1584 1997 1619 2024 et
1638 1987 1777 2037 quibus
1796 1987 1988 2038 obsequiis
2006 2001 2092 2025 eum
2113 1989 2262 2038 placare
2278 2001 2394 2039 opor—

1408 2055 1494 2083 teat.

1465 2106 1523 2142 14.
1547 2106 1619 2154 Qui
1642 2106 1693 2142 ita
1712 2106 1951 2156 evagationes
1972 2107 2106 2143 mentis
2126 2107 2163 2143 in
2183 2120 2298 2144 unum
2320 2108 2398 2144 eol—

1410 2165 1508 2215 tigit,
1533 2174 1569 2202 et
1592 2178 1724 2202 omnes
1745 2166 1867 2202 cordis
1887 2174 2009 2202 motus
2026 2166 2063 2202 in
2086 2179 2162 2202 uno
2182 2167 2398 2204 aeternitatis

1407 2225 1592 2261 desiderio
1611 2225 1708 2275 tigit3
1732 2226 1899 2275 profecto
1921 2224 1997 2273 jam
2030 2225 2075 2261 ad
2095 2239 2159 2262 cor
2177 2239 2285 2262 suum
2313 2226 2399 2262 red—

1407 2284 1471 2329 iit,
1499 2284 1632 2332 etjam
1663 2284 1715 2320 ibi
1746 2284 1906 2321 libenter
1938 2293 2120 2330 moratur,
2149 2298 2191 2321 ac
2217 2285 2399 2322 mirabili—

1411 2351 1466 2379 ter
1484 2343 1702 2379 delectatur.
1718 2346 1762 2379 Et
1780 2357 1864 2379 cum
1884 2356 1922 2379 se
1937 2343 2060 2392 ipsum
2078 2357 2157 2393 prae
2175 2344 2396 2393 gaudiojam

1409 2415 1542 2451 capere
1570 2414 1644 2438 non
1666 2403 1807 2451 possit,
1830 2415 1942 2452 supra
1963 2415 2002 2439 se
2027 2403 2150 2452 ipsum
2173 2403 2340 2449 ducitur,
2363 2413 2399 2440 et

1409 2473 1476 2508 per
1493 2474 1684 2497 excessum
1705 2461 1838 2497 mentis
1855 2460 1902 2497 ad
1919 2474 2063 2497 sununa
2081 2462 2268 2507 elevatur,
2287 2471 2400 2511 atque

1407 2521 1456 2556 ita
1479 2534 1545 2569 per
1565 2534 1602 2556 se
1618 2521 1739 2569 ipsum
1763 2533 1874 2569 supra
1899 2521 2160 2569 semetipsum,
2182 2534 2250 2570 per
2268 2522 2399 2570 cogni—

351 2581 539 2617 sublcvari
568 2581 612 2616 ad
646 2581 1004 2630 contemplationem
1038 2580 1118 2616 Dei.
1153 2584 1342 2628 Quantum
1362 2582 1392 2615 D
1409 2579 1547 2615 tionem
1566 2579 1623 2615 sui
1643 2579 1689 2614 ad
1709 2579 1961 2628 coguitionem
1987 2580 2054 2615 Dei
2071 2580 2255 2626 ascendit,
2277 2589 2317 2616 ut
2340 2581 2398 2617 ‹li—

353 2653 515 2689 namque
536 2640 704 2689 quotidie
724 2640 761 2676 in
781 2639 994 2687 cognitione
1010 2640 1178 2688 proficis,
1200 2647 1342 2675 tantum

352 2700 397 2736 ad
418 2700 551 2735 altiora
573 2713 723 2749 semper
743 2699 876 2735 tendis.
901 2699 972 2736 Sed
990 2698 1066 2746 jani
1092 2699 1256 2735 fortassis
1275 2699 1344 2735 ad—

354 2759 547 2804 scendisti,
562 2758 638 2806 jam
659 2758 705 2794 ad
727 2771 791 2794 eor
811 2767 915 2794 tuum
936 2757 1099 2801 rediisti,
1118 2766 1155 2794 et
1179 2757 1229 2794 ibi
1251 2766 1345 2794 stare

354 2818 517 2855 didicisti
541 2832 547 2853 :
574 2831 641 2854 nec
661 2818 732 2854 hoc
752 2818 909 2854 suslieiat.
931 2817 1009 2853 tibi.
1038 2817 1145 2853 Disce
1166 2817 1216 2853 ibi
1240 2817 1345 2854 habi—

357 2887 456 2922 tare,
488 2886 524 2913 et
556 2877 788 2913 mansionem
826 2878 944 2913 facere
976 2891 983 2912 :
1016 2885 1053 2913 ct
1082 2877 1345 2926 qualicumque

355 2939 489 2973 mentis
517 2937 714 2985 vagatione
743 2936 830 2972 inde
860 2936 1068 2973 abstractus
1097 2937 1227 2980 fueris,
1259 2938 1346 2973 illuc

355 3009 505 3045 semper
526 2995 647 3032 redire
669 2995 811 3031 festina.
843 2995 996 3045 Absque
1016 2995 1133 3032 dubio
1155 3009 1221 3046 per
1249 2997 1341 3032 mul-

361 3063 438 3091 tum
457 3068 564 3091 usum
586 3054 814 3103 quandoque
845 3054 910 3091 tibi
932 3063 1100 3091 vertetur
1119 3055 1156 3091 in
1179 3054 1347 3092 oblecta-

359 3123 526 3151 mentum
563 3129 569 3149 :
609 3115 645 3150 in
680 3123 823 3150 tantum
859 3123 899 3150 ut
933 3114 1074 3164 absque
1103 3115 1177 3151 ulla
1210 3115 1348 3151 laboris

356 3175 573 3210 dil'licultate
604 3175 722 3223 possis
754 3174 801 3210 ibi
830 3175 1001 3210 assiduus
1036 3188 1141 3219 esse3
1177 3175 1348 3224 quinimo

358 3247 467 3282 poena
497 3233 561 3269 tibi
595 3233 720 3282 potius
742 3234 806 3278 sit,
837 3233 946 3275 alibi,
979 3247 1089 3281 quam
1122 3233 1172 3269 ibi
1206 3247 1346 3270 moram

358 3293 521 3341 aliquam
549 3294 679 3328 laec-re.

1409 2647 1486 2675 scat
1514 2639 1634 2675 solum
1660 2642 1780 2674 Deum
1802 2652 1947 2684 amare,
1975 2647 2011 2674 et
2034 2639 2154 2688 ipsum
2178 2639 2398 2676 indesinen—

1412 2706 1466 2733 ter
1485 2698 1664 2747 cogitare,
1686 2706 1721 2733 ct
1743 2697 1781 2733 in
1802 2711 1847 2733 eo
1866 2697 2134 2734 delectabiliter
2153 2699 2399 2747 requiescere.

1411 2761 1502 2795 Cum
1528 2758 1579 2793 sic
1607 2770 1712 2793 amor
1734 2757 1869 2795 Christi
1901 2766 2020 2794 totum
2049 2757 2285 2794 absorbuerit
2306 2758 2402 2794 asse-

1411 2826 1510 2854 ctum
1540 2817 1721 2862 hominis,
1753 2825 1793 2853 ut
1823 2818 2014 2867 negligens
2038 2826 2075 2853 et
2101 2817 2299 2853 immemor
2315 2817 2371 2853 sui
2389 2845 2399 2861 ,

1411 2891 1486 2914 non
1515 2877 1585 2913 nisi
1610 2881 1737 2913 Jesum
1761 2877 1965 2923 Christum,
1986 2886 2023 2914 et
2046 2891 2090 2914 ea
2109 2890 2193 2926 quae
2213 2886 2299 2914 sunt
2315 2881 2402 2914 Jesu

1411 2937 1545 2975 Christi
1565 2937 1717 2981 sentiat3
1743 2945 1831 2973 tunc
1856 2937 2007 2973 demum
2022 2966 2031 2983 ,
2054 2946 2094 2973 ut
2117 2936 2292 2981 arbitror,
2320 2949 2404 2985 per-

1414 2998 1506 3033 fecta
1526 3005 1581 3033 est
1601 2997 1637 3032 in
1659 3009 1703 3032 co
1727 2997 1898 3032 charitas.
1929 2997 2024 3033 Huic
2047 2997 2174 3046 itaque
2194 2996 2257 3044 qui
2277 2996 2329 3032 sic
2349 2996 2403 3031 as-

1415 3057 1532 3093 fectus
1555 3064 1628 3101 est,
1646 3068 1721 3091 non
1740 3064 1795 3092 est
1814 3069 1972 3092 onerosa
1990 3064 2190 3106 paupertas
2211 3069 2218 3090 ε
2242 3056 2311 3092 iste
2327 3068 2403 3091 non

1414 3116 1526 3152 sentit
1553 3114 1708 3163 injurias
1745 3129 1752 3150 :
1790 3114 1887 3151 ridet
1924 3114 2130 3164 opprobria
2152 3143 2161 3157 ,
2199 3114 2405 3150 contemnit

1414 3176 1549 3212 (lamna
1562 3203 1571 3219 ‚
1592 3183 1747 3211 mortem
1767 3175 1909 3211 lucrum
1929 3183 2078 3223 reputat
2098 3189 2105 3209 ;
2126 3175 2202 3210 imo
2225 3188 2292 3210 nec
2310 3175 2404 3210 mori

1415 3249 1453 3271 se
1474 3243 1601 3284 putat,
1625 3247 1707 3270 cuni
1733 3235 1847 3283 magis
1867 3235 1912 3270 de
1934 3243 2053 3270 morte
2075 3234 2119 3269 ad
2142 3234 2253 3269 vitam
2280 3242 2404 3269 trans-

1415 3294 1467 3329 ire
1490 3306 1528 3330 se
1551 3294 1652 3330 sciat.
1674 3296 1792 3340 Quem
1816 3294 1868 3329 sic
1885 3307 1990 3329 amor
2018 3294 2083 3329 Dei
2108 3293 2333 3329 intrinsecus
2361 3293 2406 3327 li-
