2504 3928
370 249 377 281 l
397 248 462 282 195,

362 337 478 358 orare.
509 325 730 369 liawwplum
750 324 833 356 ‘lculi
850 321 964 361 volus,
985 331 1024 356 ul
1040 326 1344 369 qucnuannmlum
1357 323 1381 339 ¹¹*

1165 249 1332 284 oct-ltin
1363 251 1524 284 SlfiltMO
1555 251 1602 284 lll

1382 322 1403 339 ¹³
1416 324 1478 359 sed
1503 337 1598 359 iuius
1614 323 1783 361 diabolus
1803 332 1878 360 erat
1896 326 2010 362 Judas
2026 327 2216 373 iscarioth,
2235 331 2298 377 qui
2313 343 2399 366 eon-

2304 255 2313 289 l
2331 256 2399 290 1¹.)ss

361 380 511 427 1·g‹,j}·(-[
524 381 645 424 vobis,
665 390 716 415 aa
734 389 768 414 et
783 378 1018 425 vossacian.
1038 383 1118 416 Non
1135 382 1238 417 eritis
1254 381 1342 417 boni
1363 389 1389 421 A
1417 392 1470 419 tra
1503 384 1704 420 Dominum
1739 385 1875 420 levavit
1898 386 2112 422 calcaneum
2132 401 2141 423 ε
2162 386 2208 423 de
2225 401 2301 436 quo
2320 389 2399 438 ipse

361 441 473 482 servi,
488 441 516 476 si
532 454 606 477 non
626 440 767 476 fueritis
785 439 899 475 secuti
917 439 1117 476 Dominum
1137 455 1144 476 :
1162 454 1345 478 necvera-

361 512 419 534 ces
433 498 622 548 discipuli,
649 499 677 535 si
694 498 931 534 deviaveritis
947 510 967 533 a
982 497 1152 534 doctrina
1169 499 1344 549 magistri.

430 560 466 593 9.
489 558 637 602 Audite,
657 557 799 606 praelati
811 586 820 601 ,
835 556 898 605 qui
916 556 1131 592 cathedram
1147 559 1280 594 tenetis
1294 571 1347 593 rc—

359 619 520 669 giminis.
548 617 755 661 l‘ntatisne‚
779 616 910 652 tenetis
940 616 1152 665 exemplum
1172 617 1345 654 Domini?

363 677 628 727 t'nusqnisqne
655 684 823 712 nostrum
854 675 1053 711 conveniat
1080 676 1345 712 conscientiam

360 750 484 783 snam3
508 736 666 785 gaudeat
686 735 714 770 si
734 743 835 771 tenet
859 748 865 769 ε
886 734 916 770 si
936 747 1012 770 non
1036 742 1155 780 tenet,
1173 735 1248 784 jam
1270 749 1344 772 non

358 806 411 833 cst
431 796 636 845 discipulus
655 795 817 831 Domini.
838 794 968 830 Melius
991 794 1043 829 illi
1063 802 1158 831 esset
1180 795 1208 831 si
1228 794 1345 832 habe-

360 866 412 893 ret
431 856 566 892 molam
587 854 783 891 asinariam
806 853 843 889 in
863 853 984 898 collo,
1008 861 1045 889 et
1065 853 1346 903 demergeretur

357 918 394 952 in
414 915 639 966 profundum
660 915 772 950 maris
785 942 794 957 ,
813 926 924 962 quam
944 921 983 948 ut
1000 921 1095 949 esset
1112 915 1266 951 sortitus
1282 928 1347 950 no-

360 988 443 1011 men
457 974 613 1010 abbatis.
627 973 758 1009 Melius
773 973 823 1008 illi
839 980 948 1014 esset,
964 972 992 1008 si
1007 980 1102 1008 esset
1116 980 1240 1008 custos
1253 986 1343 1021 por-

356 1048 510 1078 corum,
540 1046 651 1082 qnam
676 1032 776 1081 quod
802 1040 897 1067 esset
917 1030 1032 1068 abbas
1062 1032 1344 1068 monachorum.

1414 442 1531 487 dixit,
1564 444 1579 477 l
1591 444 1606 478 't
1631 446 1828 490 impleatur
1851 447 2039 492 Scriptura
2062 460 2071 482 :
2100 447 2175 491 Qui
2203 449 2401 484 nuzmlucac

1406 515 1546 549 Jnmcm
1560 515 1692 543 mcum,
1708 505 1834 537 levavit
1844 512 1969 538 contra
1980 518 2036 539 me
2050 506 2264 541 calcaneum
2277 519 2397 542 suum.

1413 560 1551 597 OJuda
1570 561 1716 596 inl'clix!
1736 560 1965 598 dominicum
1980 575 2113 611 panem
2127 564 2348 609 manducas,
2364 574 2401 600 et

1413 628 1543 655 contra
1556 620 1758 656 Dominum
1780 621 1994 658 calcaneum
2012 622 2138 659 levas?
2156 625 2253 669 Heu,
2271 624 2401 672 quanti

1411 678 1536 725 Judae,
1551 678 1614 726 qui
1632 691 1766 728 panem
1782 679 1935 716 Domini
1952 680 2201 726 manducant,
2218 689 2255 717 et
2270 681 2402 718 Domi-

1413 750 1503 773 num
1532 738 1568 773 in
1590 737 1769 787 operibus
1796 739 1870 775 suis
1890 740 1987 776 calce
2012 740 2238 789 percutiunt.
2265 741 2402 788 Quanti

1412 795 1458 832 de
1484 796 1590 832 altari
1612 796 1765 843 vivunt,
1790 797 1855 846 qui
1883 798 1989 834 altari
2009 811 2084 835 non
2112 799 2302 844 serviunt3
2323 798 2400 835 imo

1412 855 1614 892 Dominmn
1633 856 1757 893 altaris
1772 869 1842 905 pro
1859 857 1977 894 nihilo
1994 857 2155 894 ducunt!
2180 861 2260 894 Heu
2272 885 2282 903 ,
2298 858 2400 907 quod

1412 916 1527 964 magis
1561 915 1767 952 dolendum
1799 925 1873 962 est,
1906 918 2035 966 quanti
2069 918 2302 963 sacerdotes,
2333 915 2400 954 sed

1413 975 1490 1010 l'alsi
1526 975 1737 1011 sacerdotes
1753 1004 1762 1020 ,
1802 976 1865 1024 qui
1899 989 2032 1025 panem
2065 977 2197 1013 Christi
2215 1004 2224 1022 ,
2263 989 2401 1026 eorpus

1411 1034 1545 1071 Christi
1566 1043 1720 1071 sumunt
1736 1048 1820 1079 ore,
1839 1043 1875 1070 et
1892 1035 2078 1072 Christum
2100 1036 2319 1071 conculcant
2335 1048 2401 1084 pe-

356 1096 387 1129 0
418 1093 538 1142 pelvis
567 1092 717 1128 Domini
741 1093 747 1126 !
776 1106 798 1125 o
828 1091 1016 1126 humilitas
1045 1091 1202 1137 Christi,
1232 1104 1343 1140 quam
1365 1096 1392 1130 Β
1411 1093 1479 1138 de,
1509 1094 1628 1144 putidi
1653 1095 1771 1130 fetore
1799 1094 1975 1140 luxuriae,
2002 1095 2127 1131 insecti
2157 1107 2302 1130 veneno
2332 1107 2400 1129 ne-

357 1154 467 1200 longe
486 1151 684 1188 recessisti!
707 1153 737 1186 O
751 1163 862 1198 qnam
881 1158 967 1186 sunt
982 1150 1072 1194 rari,
1092 1163 1114 1185 o
1131 1163 1240 1199 quam
1259 1159 1346 1187 sunt

358 1212 486 1261 pauci,
517 1212 579 1260 qui
607 1223 738 1259 aquam
768 1211 804 1245 in
830 1210 968 1258 pelvim
992 1210 1162 1254 mittant,
1186 1218 1222 1245 et
1247 1211 1344 1246 llexo

356 1271 497 1320 poplite
511 1271 556 1305 ad
574 1268 772 1305 lavandum
790 1268 904 1317 pedes
919 1268 1186 1317 discipulorum
1201 1271 1343 1317 petant!

357 1335 486 1367 Pereat
514 1332 646 1371 l'rater,
670 1328 826 1364 offendit
856 1329 967 1363 l'ratcr
982 1356 991 1371 ,
1017 1328 1055 1363 in
1075 1327 1227 1376 aliquod
1249 1328 1346 1363 deli-

355 1399 455 1426 ctum
477 1389 607 1425 cecidit
626 1403 631 1422 :
652 1400 724 1424 non
743 1395 796 1422 est
818 1386 957 1435 pelvis,
975 1399 1047 1421 non
1065 1394 1120 1422 est
1134 1398 1250 1434 aqua,
1270 1399 1344 1422 non

355 1458 410 1485 est
436 1449 500 1498 qui
528 1461 565 1483 sc
596 1454 782 1496 pra¹paret
809 1445 854 1480 ad
877 1445 979 1480 illum
1001 1444 1258 1490 abluendum,
1280 1445 1344 1481 sed

354 1509 479 1558 potins
499 1507 545 1544 ad
566 1504 844 1555 expellendum.
873 1504 1031 1549 Discite,
1054 1504 1197 1553 praelati
1213 1532 1222 1549 ,
1242 1505 1345 1553 quod

355 1568 426 1603 hoc
448 1579 522 1602 non
549 1574 603 1601 est
631 1565 676 1601 de
704 1564 831 1612 regula
857 1563 1008 1600 Christi.
1031 1564 1098 1600 Ille
1122 1564 1212 1601 lavit
1232 1564 1346 1614 pedes

354 1626 624 1675 discipulorum
645 1622 802 1672 genibus
824 1623 929 1659 flexis
954 1637 960 1657 :
985 1631 1021 1659 et
1047 1636 1114 1660 vos
1134 1637 1210 1660 non
1231 1625 1346 1661 vultis

353 1687 476 1721 lavare
493 1684 623 1720 sordes
638 1691 849 1719 vestrorum
868 1695 1135 1718 conservorum
1159 1683 1246 1719 totis
1265 1697 1345 1720 cor-

354 1745 511 1793 poribus
531 1745 568 1780 in
592 1752 727 1779 terram
755 1742 979 1791 prostratis?
999 1744 1081 1777 Non
1102 1750 1157 1778 est
1176 1742 1345 1792 discipu-

355 1805 412 1840 lus
435 1815 547 1852 super
570 1802 800 1851 magistrum.
820 1804 951 1836 Peceat
971 1800 1195 1847 monachus,
1215 1809 1346 1850 peceat

1411 1154 1537 1202 quitiae
1555 1156 1562 1189 1
1588 1154 1651 1189 Isti
1675 1162 1761 1189 sunt
1780 1153 1896 1190 Judas
1915 1154 2093 1190 Iscarioth
2109 1182 2118 1198 ,
2140 1153 2205 1203 qui
2222 1154 2292 1190 nisi
2307 1166 2346 1190 se
2362 1153 2399 1189 in

1411 1212 1542 1249 melius
1559 1213 1893 1257 commutaverint,
1914 1213 2052 1249 utinam
2070 1213 2145 1249 nati
2168 1226 2244 1249 non
2261 1221 2396 1249 essent.

1411 1270 1481 1306 Sed
1500 1279 1558 1314 tu,
1579 1284 1685 1307 serve
1697 1272 1784 1316 Dei,
1804 1271 1984 1308 monache
2001 1271 2156 1316 Christi,
2175 1279 2260 1306 tene
2276 1283 2402 1308 exem-

1384 1358 1398 1369 .
1412 1330 1536 1378 plum,
1557 1339 1593 1366 et
1620 1330 1775 1367 habebis
1794 1331 2019 1380 promissum
2044 1346 2051 1364 τ
2077 1331 2131 1367 fac
2151 1331 2252 1380 quod
2269 1331 2401 1380 jussit,

1414 1395 1454 1422 ut
1483 1388 1602 1436 possis
1631 1387 1760 1423 venire
1789 1388 1835 1424 ad
1861 1388 1960 1424 illam
1990 1388 2258 1425 beatitudinem
2288 1402 2399 1438 quam

1413 1446 1596 1494 promisit.
1619 1446 1795 1494 Sequitur
1815 1461 1821 1481 :

1470 1506 1527 1540 ll.
1548 1507 1696 1540 Amoclo
1723 1507 1803 1540 dico
1830 1505 1934 1541 vobis
1957 1510 2064 1553 prius
2088 1507 2312 1554 quamfiat‚
2339 1515 2398 1550 ut,

1411 1564 1640 1612 cemtsizctmn
1652 1563 1792 1612 fuerit,
1811 1567 1969 1600 credatis
1989 1569 2077 1612 quia
2091 1578 2156 1613 ego
2173 1579 2264 1601 sum.
2285 1568 2331 1602 Et
2345 1573 2401 1602 est

1411 1636 1541 1660 sensus
1556 1638 1562 1659 ε
1580 1627 1708 1673 Usque
1724 1624 1795 1660 huc
1813 1624 1969 1660 toleravi
1983 1632 2018 1660 et
2034 1624 2144 1669 tacui,
2161 1623 2225 1661 sed
2241 1623 2319 1673 jam
2336 1637 2401 1661 no-

1413 1691 1450 1718 to
1469 1683 1701 1732 proditorem
1719 1692 1918 1732 antequam
1936 1684 2017 1727 fiat,
2040 1683 2142 1732 quod
2165 1695 2252 1719 mox
2270 1691 2327 1720 est
2346 1683 2401 1719 fa-

1411 1742 1605 1789 ciendum3
1627 1751 1687 1788 ut,
1714 1756 1798 1779 cum
1820 1743 1956 1779 factum
1978 1743 2108 1787 suerit,
2130 1742 2291 1779 credatis
2313 1743 2401 1792 quia

1410 1814 1479 1851 ego
1497 1815 1577 1838 sum
1595 1802 1674 1847 ille,
1694 1802 1739 1838 de
1755 1815 1831 1851 qno
1847 1802 2036 1851 Scriptura
2051 1802 2112 1837 illa
2130 1801 2312 1850 praedixit.
2326 1804 2401 1838 Vos

353 1875 556 1898 conversus
580 1877 586 1897 ε
609 1861 803 1911 pulverem
823 1867 947 1909 portat
964 1859 998 1895 in
1024 1859 1140 1908 pede3
1162 1860 1237 1897 imo
1251 1862 1348 1899 sorte
1367 1866 1393 1900 C
1413 1873 1525 1908 ergo,
1557 1861 1690 1897 fratres
1724 1861 1818 1907 mei,
1846 1860 2018 1910 discipuli
2048 1859 2203 1904 Christi,
2240 1859 2399 1907 cogitate

355 1931 434 1957 toto
448 1935 608 1970 corpore
626 1919 778 1956 tabescit
793 1919 829 1954 in
848 1927 946 1954 cute.
966 1919 1070 1955 Tolle
1084 1932 1217 1968 aquam
1230 1949 1239 1966 ‚
1258 1922 1348 1959 tolle

354 1981 563 2017 doctrinam
590 1979 637 2016 de
661 1977 833 2027 pelvibus
864 1977 1051 2026 magistri,
1073 1978 1120 2014 de
1148 1981 1345 2030 praeceptis

357 2041 505 2076 Domini
524 2055 530 2075 ;
551 2051 658 2075 curre
678 2037 724 2074 ad
744 2050 829 2073 eum
852 2050 927 2072 non
949 2037 985 2073 in
1003 2050 1101 2086 equo
1119 2038 1343 2086 Pharaonis,

354 2100 417 2135 sed
438 2100 475 2134 in
503 2098 712 2134 humilitate
734 2095 1020 2145 Redemptori53
1044 2097 1151 2132 vultu
1170 2098 1318 2146 placido
1332 2128 1341 2145 ,

355 2168 478 2194 mente
502 2157 720 2206 tranquilla,
741 2168 852 2204 quam
872 2155 979 2191 citius
1003 2164 1128 2205 potes,
1146 2157 1270 2194 lavare
1291 2159 1344 2195 fe-

354 2219 447 2254 stina
476 2232 482 2252 t
508 2230 555 2253 ne
578 2216 701 2266 pulvis
729 2223 897 2251 vertatur
924 2215 963 2251 in
988 2214 1173 2261 scabiem,
1203 2217 1344 2254 scabies

355 2285 521 2313 vertatur
549 2277 586 2312 in
609 2277 751 2325 lepram
769 2303 777 2319 ‚
801 2283 837 2310 et
864 2274 1036 2323 leprosus
1062 2276 1273 2324 expellatur
1297 2276 1344 2312 de

352 2350 461 2386 grege
480 2335 645 2371 Domini.
665 2333 736 2371 Sed
751 2334 779 2369 si
797 2332 1008 2369 obstinatus
1022 2333 1152 2379 fuerit,
1168 2343 1205 2370 et
1218 2347 1343 2371 ernen-

353 2397 440 2431 dare
464 2394 649 2438 noluerit,
677 2393 820 2437 dicens,
847 2395 930 2427 Nou
951 2392 1087 2427 lavabis
1111 2394 1201 2428 mihi
1225 2397 1342 2441 pedes

354 2461 391 2489 in
413 2464 589 2490 (eternum
611 2467 620 2486 :
638 2452 696 2488 dic
714 2460 750 2487 et
772 2460 809 2486 tu
831 2452 883 2494 ei,
908 2454 948 2486 Si
967 2465 1040 2486 mm
1062 2454 1179 2486 lavero
1201 2462 1251 2497 te,
1268 2467 1340 2488 mm

353 2513 501 2548 habebas
520 2522 665 2561 partem
689 2524 771 2546 eum
793 2510 938 2546 Christo
962 2510 1138 2547 Domino.
1160 2515 1290 2548 Postea
1312 2513 1341 2549 si

353 2587 436 2609 cnm
470 2576 577 2608 l'etro
610 2570 789 2607 assentire
816 2569 1000 2613 voluerit,
1033 2570 1115 2606 lava
1142 2584 1227 2607 eum
1255 2584 1340 2607 cum

1412 1919 1503 1967 quid
1532 1919 1712 1956 Iscarioth
1750 1919 1835 1956 fecit
1855 1948 1864 1964 ‚
1895 1928 1932 1955 et
1959 1919 2084 1955 videte
2117 1931 2162 1955 ne
2192 1917 2400 1954 consimilia

1413 1979 1562 2015 faciatis.
1592 1978 1708 2016 Judas
1739 1987 1868 2015 contra
1896 1979 2083 2016 Christum
2114 1977 2253 2014 levavit
2279 1976 2400 2012 calea-

1412 2050 1522 2074 neum
1558 2053 1564 2073 2
1590 2051 1658 2073 vos
1683 2045 1771 2074 ante
1802 2038 1906 2074 illum
1937 2036 2164 2086 prosternite
2196 2047 2334 2085 corpus
2364 2042 2402 2071 et

1409 2096 1584 2132 animam.
1614 2095 1730 2133 Judas
1750 2095 1796 2132 ab
1822 2096 1886 2132 illo
1906 2095 2057 2132 recessit
2079 2110 2086 2132 z
2108 2108 2176 2131 vos
2199 2103 2322 2131 autem
2343 2106 2395 2130 se-

1410 2156 1569 2203 quimini
1598 2156 1718 2192 illum.
1749 2154 1865 2192 Judas
1891 2154 2062 2191 vendidit
2090 2154 2196 2190 illum
2223 2153 2362 2191 Judaeis
2391 2167 2399 2188 :

1410 2228 1478 2251 vos
1510 2223 1634 2251 autem
1668 2215 1820 2251 vendite
1857 2228 1940 2264 quae
1972 2213 2139 2259 habetis,
2180 2221 2221 2249 ut
2251 2212 2400 2262 possitis

1409 2287 1628 2323 comparare
1641 2287 1739 2310 eum.
1758 2278 1840 2311 Non
1862 2275 1981 2310 solum
2003 2282 2125 2309 autem
2144 2285 2228 2323 quae
2241 2271 2398 2318 habetis,

1410 2333 1473 2369 sed
1502 2333 1611 2369 etiam
1642 2334 1892 2382 vosmetipsos
1918 2346 1989 2381 pro
2016 2345 2144 2368 amore
2175 2339 2284 2367 tantae
2309 2331 2397 2380 pul-

1408 2393 1630 2429 chritudinis
1647 2392 1855 2441 margaritae
1874 2405 1943 2440 pro
1961 2391 2079 2427 nihilo
2093 2391 2286 2440 reputetis,
2300 2390 2399 2426 etilli

1407 2446 1478 2487 soff
1498 2452 1662 2501 placere,
1685 2459 1866 2500 quantum
1890 2451 2063 2500 potestis,
2085 2449 2302 2486 contendite
2325 2463 2330 2484 :
2357 2458 2397 2485 ut

1407 2523 1476 2559 ego
1503 2519 1537 2547 et
1558 2524 1626 2547 vos
1652 2510 1698 2546 ad
1722 2510 1820 2546 illius
1846 2509 1980 2559 gaudia
2000 2510 2080 2545 sine
2107 2510 2179 2545 line
2205 2521 2397 2554 mansura,

1407 2582 1490 2617 quae
1509 2570 1588 2619 ipse
1601 2578 1676 2614 est,
1696 2570 1885 2605 valeamus
1902 2569 2098 2618 pervenire
2110 2597 2119 2613 ,
2138 2581 2206 2617 per
2221 2567 2396 2604 eumdem

351 2631 453 2667 omni
471 2630 696 2673 humilitate,
715 2627 1002 2664 mansuetudine
1019 2628 1340 2675 etmiserieordia5
1359 2639 1391 2672 1)
1412 2629 1542 2664 mundi
1571 2629 1800 2665 Salvatorem
1815 2657 1824 2673 ,
1855 2629 1920 2677 qui
1946 2641 2030 2664 cum
2062 2631 2168 2664 Patre
2192 2635 2230 2664 et
2256 2627 2397 2676 Spiritu

354 2700 391 2727 nt
417 2699 455 2726 tu
485 2691 564 2739 ipse
599 2687 890 2724 misericordiam
923 2701 943 2722 a
974 2690 1054 2723 Deo
1085 2689 1338 2737 consequaris.

351 2750 460 2798 Quod
480 2750 507 2785 si
528 2762 602 2784 non
621 2748 769 2791 seceris,
790 2759 864 2782 non
887 2754 988 2782 tenes
1005 2747 1218 2795 exemplum
1240 2747 1340 2785 Chri-

351 2810 424 2853 sti3
455 2821 521 2844 nec
553 2821 591 2843 cs
623 2806 828 2855 discipulus
855 2805 1001 2843 Christi.
1034 2806 1145 2853 Quod
1173 2807 1341 2842 Christus

355 2869 458 2913 lecit,
490 2869 608 2903 l'accre
635 2865 880 2913 dedignaris?
904 2864 1006 2913 qnod
1031 2865 1214 2902 Dominus
1234 2866 1339 2910 fecit,

354 2941 503 2964 servum
522 2940 588 2962 cur
608 2927 726 2961 faeere
747 2924 882 2961 taedet?
906 2927 989 2960 Νωη
1016 2934 1069 2960 est
1082 2939 1202 2960 servus
1222 2927 1343 2971 major

353 2991 504 3022 domim)
525 3000 587 3020 suo
603 2999 616 3029 ‚·
644 2999 711 3020 m’c
734 2986 919 3031 aposlolus
947 2984 1068 3028 [major
1091 2999 1133 3019 eo
1159 2989 1220 3032 qui
1243 2989 1342 3020 misit

353 3049 465 3081 [llum.
488 3046 588 3081 Sicut
609 3057 678 3091 ego
706 3042 849 3092 patior,
873 3050 909 3077 et
930 3055 998 3078 vos
1022 3042 1193 3091 patimini
1216 3058 1222 3079 :
1246 3043 1341 3079 sicut

353 3120 409 3141 nic
427 3104 604 3148 humilio,
627 3111 661 3137 et
681 3115 747 3138 vos
766 3102 1025 3137 humiliamini.

407 3166 462 3199 l().
483 3168 521 3199 δι’
541 3165 621 3197 Ιιαί·
637 3166 734 3197 scitis
754 3174 837 3209 qua:
854 3161 921 3196 soci
945 3169 979 3196 ct
1002 3161 1127 3206 docui,
1149 3161 1246 3197 beati
1263 3167 1337 3198 cri-

352 3237 392 3257 (μ
410 3252 417 3265 ,
446 3229 477 3258 >i
497 3224 664 3269 Jcccrltis
687 3234 743 3255 ca.
779 3222 859 3255 Non
880 3223 925 3255 (le
952 3221 1118 3255 nntllilms
1139 3224 1219 3256 (lico
1244 3237 1254 3256 :
1273 3237 1338 3271 ego

352 3297 420 3315 και)
446 3296 530 3328 qum
559 3283 743 3326 clrgcm'm.
780 3282 859 3314 Non
891 3279 935 3313 dc
966 3279 1140 3314 omnibns
1169 3280 1336 3325 dicebat,

349 3341 431 3387 quia
460 3340 573 3375 Judas
601 3347 766 3387 apostata
796 3347 884 3373 crat.
916 3340 1081 3387 Elcgcrat
1109 3339 1333 3385 ‹lauth-cim,

1407 2696 1536 2724 saneto
1557 2688 1648 2724 vivit
1666 2696 1704 2723 et
1729 2696 1858 2737 regnat
1878 2687 2096 2724 benedictus
2116 2687 2152 2723 in
2173 2686 2307 2723 saeeula
2326 2698 2396 2722 sae-

1407 2747 1589 2783 culorum.
1612 2750 1743 2783 Amen.

1760 2871 1940 2909 SERMO
1970 2872 2043 2909 III.

1609 2996 1643 3022 In
1659 3004 1736 3023 vers.
1764 2995 1865 3023 20-30
1881 3002 1949 3033 cap.
1968 3003 2031 3022 xm
2047 2991 2188 3024 Joannis.

1465 3105 1493 3140 1.
1516 3108 1607 3141 Cum
1631 3104 1676 3140 de
1698 3104 1783 3153 jure
1804 3104 2030 3141 conditionis
2051 3103 2222 3139 hnmana²
2242 3115 2392 3138 omnem

1407 3163 1597 3200 hominem
1624 3164 1724 3200 exire
1753 3171 1924 3212 oporteat
1949 3162 1994 3198 ad
2021 3176 2116 3212 opus
2141 3175 2269 3206 suum,
2292 3161 2393 3197 etad

1405 3223 1663 3271 operationem
1686 3236 1788 3259 suam
1807 3236 1924 3271 usquc
1939 3222 1984 3257 ad
2008 3234 2200 3271 vesperam
2215 3249 2224 3267 ,
2242 3228 2278 3256 et
2294 3219 2392 3257 Scri—

1406 3290 1515 3330 ptura
1546 3296 1619 3318 non
1654 3283 1769 3332 possit
1795 3282 1909 3326 solvi;
1946 3295 2091 3318 necesse
2121 3289 2175 3317 cst
2202 3288 2240 3315 ut
2274 3292 2389 3315 unns-

1404 3342 1561 3390 quisque
1579 3342 1667 3378 dum
1686 3342 1721 3378 in
1743 3354 1902 3390 corpore
1922 3341 2029 3387 vivit,
2049 3339 2195 3390 operari
2218 3351 2293 3374 non
2315 3351 2391 3374 005·
