2504 3928
931 189 1408 258 TRACTATUS
1458 189 1722 255 ALTER

488 405 738 534 DE
864 403 2173 543 CONSCIENTIA

699 687 763 720 AD
795 688 1095 723 RELIGIOSUM
1125 689 1372 733 Q1*1·3Mi).x)1
1402 689 1599 723 ORDINIS
1628 688 1988 724 CISTERCIENSIS.

319 1010 385 1045 un·
410 1017 592 1047 {innatus
623 1024 699 1047 uon
728 1020 784 1048 est
814 1011 1012 1050 Bernardo
1040 1013 1242 1064 indignus,
1271 1026 1499 1063 quanquam
1526 1026 1595 1050 uec
1616 1012 1721 1050 illius
1741 1026 1820 1050 esse
1842 1012 2030 1050 videatur.
2056 1013 2198 1050 Auctor
2218 1013 2258 1049 in
2282 1012 2359 1049 fine

712 1089 856 1113 nomeu
876 1090 992 1115 suum
1025 1079 1174 1115 reticeri
1205 1080 1313 1129 cupit
1340 1095 1347 1115 :

916 1242 959 1251 μ..

640 1379 979 1418 PROOEMIUM.
1312 1383 1342 1400 ³⁶

1377 1077 1483 1128 quod
1507 1077 1728 1115 Bel-nardus
1752 1090 1831 1114 non
1854 1075 1961 1114 solet.

1348 1383 1357 1400 ⁷
1371 1385 1482 1421 nibus
1506 1386 1592 1421 suis.
1618 1382 1852 1421 Conscientia
1878 1382 2041 1418 bominis
2062 1389 2117 1418 est
2133 1382 2239 1431 quasi
2258 1395 2360 1418 mare

1321 1446 1350 1478 A
1369 1457 1541 1491 magnum
1562 1453 1597 1479 et
1614 1447 1835 1491 spatiosum,
1856 1440 1921 1477 ubi
1943 1443 2090 1488 reptilia
2115 1453 2267 1488 quorum
2287 1455 2359 1476 non

369 1500 464 1536 Petis
484 1513 504 1535 a
525 1511 605 1544 me,
626 1498 758 1535 dilecte
785 1500 852 1545 mi,
875 1501 977 1549 quod
1004 1513 1118 1549 supra
1144 1514 1203 1537 me
1229 1509 1303 1546 cst,

316 1559 392 1594 imo
412 1566 541 1594 contra
563 1571 641 1601 me,
666 1557 841 1594 videlicet
861 1559 987 1595 lumen
1005 1560 1170 1596 scientiae
1183 1589 1191 1605 ‚
1209 1573 1303 1596 con-

314 1617 479 1653 scientiae
500 1617 715 1666 puritatem.
736 1620 776 1653 In
798 1626 959 1667 utroque
977 1619 1130 1665 falleris;
1147 1619 1211 1655 scd
1231 1619 1304 1655 salli

313 1689 389 1711 non
408 1676 546 1719 credis,
570 1676 621 1711 ita
642 1676 699 1712 vel
722 1676 919 1714 dilectione
942 1691 1022 1713 mea
1044 1678 1223 1726 tangeris,
1245 1678 1303 1713 vel

312 1736 504 1785 opinione.
528 1739 604 1784 Ego
624 1736 712 1784 quid
731 1749 838 1783 sum,
860 1745 897 1773 et
913 1737 1002 1786 quid
1020 1738 1195 1787 possum?
1214 1742 1304 1774 Pec-

312 1803 416 1830 cator
432 1795 531 1830 enim
549 1807 630 1831 sum
643 1823 652 1840 ‚
666 1803 702 1831 et
720 1796 816 1832 ultra
832 1796 983 1832 modum
1002 1810 1159 1846 peccans
1178 1810 1305 1846 pecca-

313 1863 386 1898 tor,
403 1863 439 1889 ct
462 1854 599 1903 ingenii
619 1855 797 1891 vivacitas
818 1856 934 1891 ullum
956 1856 994 1890 in
1016 1868 1076 1891 me
1097 1868 1172 1891 non
1194 1855 1306 1892 habet

313 1913 448 1948 locum.
465 1913 617 1950 Accedit
633 1913 677 1949 ad
693 1914 770 1949 haec
787 1914 1023 1963 negotiorum
1039 1916 1303 1965 multiplicitas,

312 1986 397 2021 quae
415 1973 566 2021 quidem
586 1973 621 2009 in
644 1973 797 2009 homine
817 1974 1013 2024 ingenioso
1032 1975 1146 2010 totius
1165 1975 1305 2010 doctri-

314 2044 371 2068 uae
391 2032 531 2068 semina
546 2033 605 2068 vel
622 2031 768 2075 obruit,
781 2033 839 2068 vel
858 2033 1020 2082 repellit,
1035 2033 1141 2082 juxta
1153 2035 1306 2083 Sapien-

313 2100 387 2128 tem
410 2106 417 2127 :
440 2094 632 2139 Sapientia
652 2092 844 2127 scribenda
861 2102 912 2127 est
932 2099 970 2127 in
990 2102 1150 2141 tempore
1169 2098 1255 2136 ‹1tii;
1273 2102 1309 2129 et

1369 1513 1422 1538 est
1441 1501 1649 1539 nu111eru53.
1666 1505 1784 1548 Quam
1807 1499 1903 1536 bene
1923 1499 2039 1544 dixit,
2059 1502 2236 1547 reptilia!
2254 1501 2359 1538 Sicut

1368 1564 1466 1599 enim
1489 1563 1622 1612 reptile
1646 1562 1803 1598 latenter
1819 1559 1929 1608 repit,
1948 1566 1985 1595 et
2000 1558 2161 1595 sinuosis
2177 1559 2356 1595 anfracti-

1370 1623 1439 1659 bus
1463 1623 1536 1659 buc
1555 1622 1719 1670 illucque
1746 1618 1985 1656 deambulat:
2004 1618 2053 1654 ita
2072 1626 2109 1654 et
2134 1618 2172 1654 in
2198 1618 2360 1655 bominis

1369 1681 1635 1718 conscientiam
1651 1687 1844 1716 venenatae
1859 1678 2103 1726 cogitationes
2119 1678 2283 1714 suaviter
2297 1679 2360 1716 in-

1374 1749 1471 1777 trant
1491 1749 1526 1777 et
1546 1748 1702 1785 excunt3
1720 1747 1760 1774 ut
1780 1737 1920 1774 nesciat
1940 1737 2053 1772 homo
2072 1736 2170 1772 unde
2190 1737 2356 1781 veniant,

1371 1808 1434 1836 aut
1453 1813 1529 1849 quo
1546 1799 1696 1835 vadant.
1714 1801 1812 1834 Bene
1833 1803 1989 1832 noverat
2008 1795 2080 1831 boc
2102 1795 2166 1844 qui
2183 1795 2331 1832 dicebat
2348 1810 2354 1830 :

1371 1860 1529 1894 Primum
1551 1868 1603 1894 est
1620 1871 1681 1893 cor
1699 1858 1851 1892 hominis
1874 1864 1908 1890 et
1929 1854 2184 1899 inscrutabile;
2201 1863 2236 1889 et
2253 1857 2333 1902 quis
2346 1883 2356 1899 ,

1371 1918 1493 1966 inquit
1505 1946 1514 1963 ‚
1533 1926 1723 1967 cognoscet
1740 1916 1876 1951 illudi?
1892 1918 1966 1950 Nec
1980 1913 2070 1949 dicit
2082 1918 2185 1961 quis,
2201 1926 2270 1962 pro
2284 1913 2359 1949 dis—

1372 1978 1457 2013 licili
1471 2005 1481 2022 ‚
1504 1977 1568 2014 sed
1587 1990 1656 2027 pro
1673 1974 1896 2025 impossibili
1912 1988 1919 2010 :
1941 1973 2028 2023 quia
2043 1972 2145 2021 quod
2162 1973 2359 2009 scrutatio-

1372 2050 1456 2073 nem
1482 2050 1558 2073 non
1585 2037 1733 2087 recipit,
1752 2049 1820 2072 nec
1844 2034 2111 2083 cognitionem.
2136 2032 2228 2070 Vide
2253 2033 2358 2069 illum

1374 2109 1547 2145 magnum
1577 2096 1808 2145 apostolum,
1829 2094 1983 2131 Paulum
2016 2093 2173 2141 loquor,
2207 2092 2358 2128 unicum

313 2155 379 2198 qui
399 2155 605 2186 minoratur
624 2162 728 2195 acm,
745 2156 928 2199 percipiet
944 2154 1047 2186 illam
1062 2159 1084 2188 ¹.
1109 2156 1306 2189 Verumta-
1325 2155 1352 2187 B
1371 2164 1615 2192 scrutatorem
1633 2155 1871 2191 conscientiae
1887 2166 1973 2189 suae.
1997 2152 2107 2196 Milei,
2125 2151 2193 2197 ait,
2208 2164 2280 2198 pro
2296 2154 2359 2186 mi-

315 2222 400 2244 men
425 2210 491 2245 etsi
515 2223 591 2245 non
620 2224 664 2246 eo
690 2211 792 2258 quod
821 2211 959 2247 amicus
983 2224 1038 2255 es,
1065 2220 1188 2247 tamen
1219 2212 1306 2260 quia

317 2268 557 2316 importunus
582 2281 640 2314 es,
673 2282 821 2317 surgam
844 2269 951 2317 juxta
977 2278 1205 2319 praeceptum
1231 2274 1307 2307 Do-

317 2327 408 2362 mini
425 2333 450 2372 ²,
471 2335 507 2362 et
528 2326 625 2363 dabo
649 2341 723 2363 non
745 2328 846 2376 quod
871 2327 936 2363 tibi
956 2329 1224 2373 necessarium,
1242 2329 1306 2365 sed

317 2385 419 2434 quod
441 2386 528 2421 mibi
554 2386 600 2421 ad
622 2399 784 2422 manum.
810 2387 994 2422 Dominus
1015 2395 1138 2423 autem
1167 2387 1306 2423 tribuat

319 2444 382 2480 tibi
405 2445 610 2481 secundum
631 2459 697 2482 cor
721 2455 836 2482 tuum.
856 2450 938 2495 Ipse
964 2455 1018 2482 cst
1038 2448 1136 2482 enim
1161 2447 1224 2495 qui
1245 2447 1307 2482 dat

319 2504 399 2539 voci
422 2516 496 2539 suae
516 2517 646 2539 vocem
673 2505 822 2540 virtutis
845 2520 851 2540 ι
877 2505 940 2554 qni
964 2505 1000 2540 in
1021 2505 1219 2541 dulcedine
1241 2519 1306 2541 sua

320 2563 475 2610 pauperi
507 2571 629 2612 parat,
649 2563 713 2611 qui
742 2564 860 2612 rcplet
884 2564 920 2599 iu
948 2563 1055 2600 bonis
1081 2564 1306 2601 desiderium

322 2628 437 2655 tuum.

697 2730 872 2768 CAPUT
903 2731 935 2768 Ι.

364 2857 465 2891 Quam
482 2850 613 2881 obscura
625 2856 655 2881 et
672 2851 913 2893 impenetrabilis
935 2862 982 2883 res
1004 2853 1042 2884 sit
1061 2854 1257 2884 conscientia.

1371 2219 1471 2249 ηίηιο
1493 2224 1545 2249 ω(
1561 2223 1597 2249 ut
1616 2228 1639 2249 a
1661 2213 1762 2249 vobis
1776 2215 1948 2258 judicer,
1969 2220 2032 2246 aue
2046 2210 2094 2246 ab
2108 2211 2268 2245 hnmano
2289 2212 2358 2245 die.

1372 2276 1465 2309 Ecce
1497 2272 1689 2321 quomodo
1725 2273 1930 2308 humanum
1953 2270 2138 2319 judicium
2169 2277 2356 2315 evaserat,

1372 2332 1461 2367 nihil
1479 2331 1653 2368 dubitans
1672 2330 1718 2367 ab
1735 2331 1791 2366 his
1810 2330 1874 2378 qui
1896 2330 1984 2364 foris
2006 2336 2106 2373 sunt,
2128 2330 2202 2364 Sed
2218 2341 2358 2376 neque,

1371 2390 1507 2439 inquit,
1527 2404 1583 2425 me
1605 2394 1722 2438 ipsum
1732 2391 1860 2434 judico
1874 2387 1899 2424 ⁵.
1917 2391 1962 2424 Et
1979 2386 2042 2423 ubi
2058 2395 2130 2429 est,
2149 2400 2172 2423 ο
2192 2391 2358 2436 Aposto-

1371 2448 1405 2484 le
1419 2477 1427 2493 ,
1448 2448 1604 2485 verbum
1626 2457 1793 2485 sanctum
1816 2447 1868 2483 tui
1889 2447 2004 2496 ipsius
2026 2446 2185 2482 dicentis
2209 2460 2216 2481 :
2241 2448 2360 2482 Sinos

1372 2514 1467 2557 ipsos
1488 2512 1761 2555 stalis-aremus,
1790 2522 1862 2543 mm
1899 2512 2025 2554 ntique
2047 2505 2361 2552 judicaremur6?

1372 2567 1469 2614 Quid
1490 2576 1544 2603 est
1561 2567 1662 2616 quod
1681 2567 1849 2616 teipsum
1866 2567 1922 2602 vel
1941 2566 2036 2602 nolis
2049 2594 2058 2611 ,
2075 2565 2132 2601 vel
2151 2565 2361 2601 dissimules

1371 2625 1566 2673 judicare?
1587 2626 1682 2662 Audi
1705 2639 1832 2675 quare.
1853 2626 1981 2670 Nihil,
2004 2625 2074 2669 ait,
2089 2624 2181 2659 mila·
2201 2629 2362 2659 conscius

1375 2699 1464 2720 sum.
1486 2686 1587 2722 Felix
1613 2685 1839 2721 conscientia
1866 2697 1941 2720 non
1969 2683 2037 2719 sibi
2062 2683 2099 2718 in
2126 2683 2252 2731 aliquo
2277 2696 2365 2719 con-

1376 2744 1447 2779 scia
1461 2772 1470 2789 ‚
1487 2757 1570 2792 quae
1589 2758 1656 2780 nec
1675 2743 1868 2792 proprium
1886 2742 2069 2790 judicium
2085 2769 2094 2786 ,
2114 2754 2183 2777 nec
2199 2741 2361 2777 alienum

1379 2817 1391 2836 x
1404 2812 1536 2838 eretur.
1557 2803 1715 2839 Yidesne
1729 2816 1839 2851 quam
1860 2802 2011 2837 sublimi
2028 2801 2312 2837 conversatione
2327 2809 2363 2837 et

1373 2863 1558 2907 alienum,
1585 2871 1620 2898 et
1652 2863 1848 2911 proprium
1872 2861 2055 2909 judicium
2081 2872 2158 2896 non
2185 2859 2363 2896 timebat?

1322 2924 1347 2958 C
1371 2924 1475 2957 Latet
1499 2929 1622 2956 tamen
1643 2921 1763 2957 adbuc
1784 2921 1938 2969 laqueus
1954 2928 1989 2955 ct
2008 2920 2115 2955 fovea
2130 2931 2276 2967 magna,
2292 2922 2363 2955 Vas

377 2978 407 3011 l.
434 2976 669 3011 Conscientia
692 2976 850 3013 bominis
878 2978 1033 3026 abyssus
1056 2979 1182 3014 multa.
1207 2979 1308 3014 Sicut

319 3034 416 3069 cuim
448 3034 677 3082 profundum
708 3033 829 3083 abyssi
856 3036 1044 3072 exhauriri
1069 3050 1144 3073 non
1167 3046 1306 3086 potest,

317 3095 365 3129 ita
385 3107 452 3130 cor
469 3094 629 3130 bominis
646 3097 817 3131 evacuari
835 3110 910 3132 non
929 3106 1053 3145 potest
1072 3112 1091 3133 a
1112 3098 1307 3146 cogitatio·

366 3225 372 3238 ¹
400 3219 490 3249 Eccli.
517 3230 665 3255 xxxviii,
693 3224 744 3249 25».
772 3239 803 3241 —
826 3227 835 3240 ⁷
862 3224 931 3251 Lur.
959 3234 1007 3253 M.
1033 3228 1048 3252 ⁸
1083 3241 1124 3244 ν-
1144 3222 1156 3243 5
1181 3223 1256 3253 l’sal.
1274 3235 1330 3252 (1111

316 3284 366 3301 xi.
399 3275 452 3300 15¹.

1348 3248 1354 3260 ‚
1380 3229 1431 3253 T's».
1451 3243 1488 3246 —
1511 3227 1652 3256 isera-nn.
1680 3237 1769 3261 xiii,
1800 3229 1828 3253 ⁸).
1850 3243 1885 3246 μ

1373 2980 1587 3015 electionis:
1605 2980 1668 3016 sed
1697 2994 1779 3029 qum
1800 2979 2121 3029 vigilantissimum
2140 2978 2244 3014 illum
2266 2991 2362 3014 ocu·

1374 3039 1449 3075 lum
1467 3047 1571 3075 tuum
1590 3053 1664 3075 non
1686 3040 1801 3088 possit
1818 3039 1994 3087 effugere.
2017 3037 2220 3086 Subjunxit
2238 3037 2337 3073 enim
2351 3066 2360 3082 ‚

1375 3100 1450 3133 Sed
1464 3113 1536 3133 mm
1558 3104 1596 3134 in
1615 3100 1911 3145 leot-justificatus
1927 3112 2006 3133 snm
2024 3112 2035 3132 .·
2055 3105 2092 3133 et
2112 3096 2272 3142 addidit,
2294 3099 2367 3142 Qui

2271 3226 2285 3242 ‘¹
2314 3223 2358 3254 ld.

1921 3223 1929 3242 '¹
1958 3229 1964 3254 l
1988 3228 2057 3253 (1⁰¹⁴.
2090 3235 2133 3255 iv,
2156 3228 2185 3253 15.
