2418 3949
104 155 171 192 177

99 351 288 388 mentibus
310 360 362 397 te,
383 363 460 387 non
480 349 704 387 amantibus.
731 349 822 386 Ideo
847 363 916 386 nec
941 361 1089 399 sponsae

99 413 196 448 sorte
217 411 294 447 haec
315 411 451 447 furtiva
466 409 638 446 dulcedo.
656 410 724 446 Illa
742 409 822 458 ipsa
842 409 987 445 occulta
1002 416 1089 445 sunt

99 483 268 520 sponsae,
285 470 332 506 de
348 468 485 519 quibus
501 469 590 506 dicit
609 484 617 506 :
637 472 695 505 Ita
706 481 818 516 genoe
838 477 928 512 tuse,
949 467 1088 515 absque

98 534 250 566 occuln's
263 534 347 566 tuis.
363 529 453 566 Ideo
470 542 545 565 non
559 537 717 578 propter
732 528 832 564 illam
851 535 993 564 tantum
1008 527 1087 563 haec

98 602 173 626 vox
190 590 284 626 sacta
300 597 376 634 est,
399 589 462 625 sed
480 597 637 638 propter
651 589 931 624 circumstantes
943 615 953 632 ,
971 586 1087 636 magis

99 661 189 684 vero
207 656 364 697 propter
381 648 490 696 longe
507 655 648 683 stantes
660 675 669 693 ,
685 655 722 683 et
738 654 896 696 propter
913 646 1087 682 resisten-

100 715 176 743 tes:
194 714 354 756 propter
367 706 450 742 illos
466 706 531 755 qui
550 718 589 742 se
606 705 735 742 timide
753 705 949 742 retrahunt
965 718 986 741 a
999 718 1086 742 san-

97 773 155 801 cta
180 765 484 809 conversatione,
512 773 549 801 et
576 772 736 814 propter
754 765 840 801 illos
868 764 933 814 qui
959 764 1086 801 invide

96 824 308 860 detrahunt.
332 826 500 871 Quorum
527 824 589 860 alii
611 824 724 860 vitam
750 832 949 869 secretam,
969 825 1086 860 vitam

98 892 334 930 sanctorum,
357 897 510 920 vacuam
532 892 667 934 putant
682 893 720 921 et
738 885 817 921 sine
836 884 996 921 honore.
1015 884 1088 921 Alii

96 943 249 992 quidem
266 944 335 981 etsi
350 957 426 980 non
448 957 602 981 vacuam
615 973 624 989 ,
644 953 767 981 tamen
788 952 908 980 totum
925 944 1006 992 ejus
1021 957 1087 981 ex-

793 155 843 189 IN
871 152 1098 198 CANTICA‚
1128 154 1291 190 SERMO
1319 156 1456 191 XXVI.

99 241 154 269 est
173 246 258 268 cum
277 232 434 269 Clu-isto.
452 234 498 268 Et
516 244 604 267 vere
627 243 760 279 magna
780 230 982 266 multitudo
1002 230 1086 266 dul·
1105 228 1118 246 ⁸

99 291 241 328 cedinis
259 300 330 328 tuae
341 320 351 338 ‚
365 290 527 328 Domine
538 319 548 336 ‚
563 303 674 340 quam
694 290 943 336 abscondisti,
963 289 1028 327 sed
1044 289 1086 325 ti-
1104 292 1137 325 A
1149 307 1275 317 mmm

2077 156 2146 192 178

1279 308 2151 321 nnn-ass--xns========sw==v=====us=v=s=====sn§mx-§susmuxn

1399 437 1648 494 SERMO
1692 440 1910 496 XXVI.

1154 584 1242 614 Sicut
1258 584 1351 613 turris
1370 583 1476 614 David
1496 584 1609 616 collum
1629 592 1713 616 tuum
1727 610 1735 622 ‚
1759 599 1829 631 quse
1843 585 2002 629 aedificata
2018 595 2063 618 est
2081 599 2149 618 cum

1193 635 1457 680 propugnaculis.
1476 636 1566 668 Mille
1580 638 1680 683 clJpei
1695 639 1836 683 pendent
1856 652 1893 670 ez
1914 652 1970 677 ea,
1989 648 2049 672 etc.
2068 643 2150 673 Can—

1198 690 1251 721 tic.
1271 701 1339 732 cap.
1358 701 1404 727 iv,
1423 687 1463 726 ᾧ.
1488 696 1519 722 4.

1537 819 1751 835 *40470ιῦ-

1210 939 1244 977 l.
1262 941 1344 975 Jam
1365 939 1475 975 fortia
1490 937 1536 975 ad
1555 951 1732 988 sponsam
1751 947 1788 974 et
1804 938 1850 974 de
1867 951 2004 988 sponsa
2022 939 2148 988 loqui-

95 1015 247 1039 cursum
264 1015 348 1039 cum
369 1015 516 1039 summo
535 1003 712 1049 horr01’e3
735 1016 821 1039 nam
843 1003 982 1039 exitum
1007 1003 1086 1040 sine
1105 1000 1133 1034 B
1154 1006 1233 1042 tur;
1252 1010 1339 1033 nam
1366 997 1524 1034 delicata
1544 998 1581 1034 in
1609 998 1888 1047 superioribus,
1908 998 1972 1035 ubi
1993 999 2044 1035 sic
2069 999 2120 1035 ait
2141 1014 2149 1035 ε

95 1061 242 1098 honore
261 1062 442 1111 suspicari
467 1074 543 1098 non
567 1062 718 1099 audent.
744 1062 819 1099 Alii
838 1075 993 1107 vanam,
1021 1063 1085 1099 alii

96 1133 258 1157 amaram
277 1121 492 1170 religionem
509 1129 658 1170 putant.
674 1121 732 1158 Illi
749 1134 825 1158 non
842 1129 1084 1167 venerantur,

95 1187 132 1215 et
148 1179 207 1215 isti
226 1187 406 1216 verentur
422 1179 610 1216 accedere.
627 1179 718 1216 Ideo
739 1179 784 1216 de
805 1180 961 1218 occultis
974 1193 1086 1229 spon-

94 1251 142 1275 sae
169 1239 314 1275 curavit
342 1239 503 1276 tenuiter
529 1239 708 1282 innuere,
731 1240 836 1289 quasi
861 1252 906 1276 ex
929 1239 1085 1288 obliquo

92 1297 175 1333 illos
198 1306 371 1347 tangens,
389 1307 427 1334 et
445 1299 536 1335 istos
556 1299 726 1344 trahens,
746 1299 835 1335 dum
857 1299 909 1335 sic
928 1299 1088 1336 latenter

94 1357 140 1394 de
157 1357 300 1394 intimis
323 1357 405 1406 ejus
427 1358 625 1395 admonuit
644 1359 785 1395 deliciis
807 1374 814 1395 :
836 1360 916 1404 Sir,
944 1359 1085 1408 inquit,

88 1430 198 1465 genoe
218 1426 311 1461 tuoe,
341 1417 476 1466 absque
496 1421 645 1454 occultis
668 1423 751 1455 tuis.
775 1423 828 1454 Ac
851 1419 879 1454 si
902 1418 1001 1455 dicat
1019 1423 1033 1455 z*
1050 1419 1086 1456 Si

93 1476 357 1524 cognovissent
371 1485 407 1513 et
422 1477 484 1513 alii
501 1476 638 1526 quibus
654 1477 886 1514 absconditis
900 1477 1086 1527 adimple-

94 1543 151 1571 tus
164 1543 220 1572 est
232 1544 365 1572 venter
378 1544 481 1580 tuus,
499 1549 521 1572 o
535 1549 691 1585 sponsa,
708 1550 819 1585 quam
836 1537 942 1573 facile
957 1537 1083 1573 omnia

92 1593 359 1631 detrimentum
382 1595 546 1632 facerent
562 1604 604 1632 ut
619 1596 681 1632 illa
701 1597 954 1633 lucrarentur!
969 1610 1083 1646 quam

90 1651 252 1690 libenter
269 1662 305 1690 et
323 1653 422 1691 bona
441 1655 662 1704 perderent,
678 1664 715 1692 et
731 1657 827 1692 mala
850 1656 1081 1706 perferrent,

92 1720 132 1748 ut
145 1711 373 1749 absconditae
389 1713 596 1750 dulcedinis
609 1715 810 1764 participes
827 1715 1083 1751 efficerentur!

90 1774 198 1808 Nunc
223 1780 345 1809 autem
378 1771 596 1810 abscondita
629 1782 684 1810 est
709 1773 754 1810 ab
783 1775 901 1811 oculis
931 1788 1083 1819 eorum,

91 1844 175 1879 quae
200 1831 336 1868 sanctis
360 1831 556 1868 animabus
578 1833 615 1868 in
642 1833 790 1869 occulto
814 1846 883 1882 per
904 1834 1003 1870 vices
1028 1834 1085 1870 al-

91 1889 197 1926 ludit.
222 1893 335 1928 Grata
357 1898 481 1927 tamen
506 1891 743 1937 vicissitudo,
767 1905 852 1940 quae
879 1893 1084 1929 multorum

91 1948 279 1984 molestias
295 1949 437 1997 mitigat
453 1957 665 1998 temporum
684 1964 692 1986 z
708 1963 777 1986 nec
791 1951 905 1987 exiles
922 1951 1083 1996 deliciae,

89 2020 173 2056 quae
191 2007 228 2043 in
250 2008 374 2044 sutura
392 2016 564 2057 tempora
583 2008 789 2045 abundant.
815 2009 915 2057 Quid
937 2018 1084 2059 egesta-

89 2075 161 2102 tem
179 2067 216 2102 in
232 2067 292 2102 illa
314 2067 518 2102 veremini?
534 2068 682 2102 Deliciae
699 2068 736 2102 in
756 2069 916 2103 occultis
931 2068 1029 2115 ejus,
1045 2075 1083 2103 vt

88 2124 322 2161 abundantes
345 2124 497 2160 deliciae.
521 2123 763 2161 Abundantia
785 2125 884 2162 enim
906 2126 943 2161 iu
966 2126 1081 2162 turri-

90 2183 160 2220 bus
184 2184 274 2229 tuis,
295 2197 318 2220 o
338 2196 486 2234 sponsa.
511 2185 684 2232 Denique
707 2189 802 2220 sicut
824 2189 932 2220 turris
959 2187 1084 2221 David

87 2245 219 2277 callum
237 2251 336 2278 tuum
354 2256 364 2276 .·
379 2242 447 2278 etsi
464 2243 579 2278 latent
594 2242 736 2278 deliciae
748 2271 757 2288 ,
776 2243 840 2279 sed
857 2243 977 2280 virtus
990 2244 1080 2280 emi-

88 2309 162 2352 net:
182 2301 383 2349 Quomodo
405 2314 482 2338 non
505 2302 693 2347 eminens,
715 2302 807 2338 turri
829 2303 987 2339 collata?
1006 2303 1077 2341 Sed

88 2360 306 2397 disseramus
322 2361 472 2398 'nuncin
487 2362 689 2398 crastinum
704 2375 931 2408 sermonem,
942 2362 1078 2401 dicturi

86 2421 132 2458 de
146 2421 213 2457 hac
230 2429 332 2457 turre
345 2420 447 2470 quod
464 2421 542 2470 ipse
556 2421 677 2458 David
693 2419 839 2459 dederit
853 2430 984 2459 auctor
998 2421 1079 2470 ejus

85 2489 122 2517 et
143 2489 245 2517 tutor
269 2484 376 2517 Jesus
400 2480 585 2526 Christus,
606 2481 668 2530 qui
693 2481 786 2517 vivit
804 2489 839 2517 ct
861 2490 992 2531 regnat
1012 2495 1080 2532 per

86 2541 212 2577 omnia
233 2540 366 2577 saecula
387 2539 622 2577 saeculorum.
643 2546 777 2578 Amen.

132 3224 137 3235 ¹
171 3218 288 3248 (tamir.
321 3228 343 3252 ι,
375 3220 406 3248 fv.
456 3236 466 3239 —
511 3223 519 3231 ’
548 3216 626 3246 l’sal.
659 3228 736 3248 nu.
774 3219 801 3245 Ι.

81 3270 96 3288 ⁶
120 3271 207 3301 licvli.
226 3282 281 3307 xli,
303 3275 328 3301 l.

830 3234 862 3237 --
892 3212 902 3231 ἶ
929 3218 1016 3245 l’wx.
1039 3226 1132 3247 xxxi,
1165 3216 1213 3243 10.
1238 3230 1277 3233 ⁷--
1314 3212 1326 3235 ³
1355 3214 1434 3239 nvn.
1463 3221 1561 3241 xvix.
1600 3213 1614 3220 ³

1154 1058 1291 1092 Callum
1313 1065 1411 1092 tuum
1432 1062 1524 1092 sicut
1546 1061 1704 1093 monilia
1721 1061 1748 1094 ¹.
1772 1061 1818 1094 Et
1836 1059 1956 1094 simile
1972 1058 2064 1107 quid
2084 1058 2150 1094 ha-

1151 1115 1217 1152 bes
1232 1116 1270 1151 in
1286 1116 1434 1152 Psalmo
1451 1131 1459 1152 ε
1478 1119 1657 1152 Dominus
1678 1120 1846 1153 decorem
1867 1120 2010 1161 induit,
2032 1119 2153 1153 induit

1141 1174 1399 1222 fortitudinem
1416 1181 1440 1211 ².
1476 1179 1580 1212 Bona
1607 1175 1686 1212 haec
1713 1176 1955 1222 indumenta,
1986 1189 2149 1225 quorum

1151 1248 1269 1271 unum
1292 1243 1422 1280 ornat,
1445 1235 1605 1272 alterum
1628 1244 1759 1272 armat.
1779 1236 1945 1272 Primum
1965 1235 2058 1272 illud
2078 1248 2151 1284 po-

1153 1295 1226 1331 suit
1237 1295 1340 1344 quod
1355 1295 1470 1343 magis
1486 1295 1682 1344 proprium
1701 1308 1850 1344 sponsae
1864 1295 2025 1332 videtur.
2042 1298 2151 1332 Nunc

1153 1367 1191 1391 se
1204 1355 1250 1390 ad
1266 1355 1345 1403 ejus
1360 1353 1562 1403 quamdam
1578 1354 1837 1390 fortitudinem
1854 1355 2054 1390 convertit.
2068 1354 2149 1389 Vir-

1152 1421 1210 1449 tus
1226 1413 1456 1449 fortitudinis
1473 1421 1576 1449 tanto
1592 1414 1628 1449 in
1647 1427 1785 1462 sponsa
1802 1413 2017 1462 pretiosior,
2032 1425 2150 1461 quan-

1151 1480 1190 1509 to
1202 1473 1331 1509 rarior.
1344 1476 1440 1509 Rara
1455 1473 1584 1522 plane:
1599 1473 1796 1509 mulierem
1808 1474 1905 1509 enim
1920 1473 2052 1509 fortem
2067 1473 2149 1521 quis

1150 1530 1362 1569 inveniet³2³
1384 1535 1431 1568 Et
1450 1532 1479 1568 si
1506 1540 1652 1581 potest,
1677 1540 1716 1568 tu
1744 1540 1888 1576 tamen,
1913 1536 2001 1569 Jesu
2029 1531 2150 1576 bone,

1150 1604 1227 1627 non
1252 1599 1324 1627 tam
1354 1591 1501 1627 invenis
1523 1604 1608 1640 quae
1636 1592 1716 1628 talis
1737 1592 1803 1636 sit,
1827 1604 1938 1640 quam
1960 1591 2147 1641 praevenis

1149 1658 1192 1685 ut
1209 1650 1266 1687 sit.
1286 1653 1369 1687 Non
1393 1663 1430 1687 se
1447 1650 1527 1699 ipsa
1546 1650 1624 1686 liaec
1649 1651 1761 1687 turris
1783 1650 1960 1697 aedificat,
1981 1651 2045 1687 sed
2066 1651 2146 1700 ipse

1151 1710 1230 1746 sine
1251 1722 1327 1758 quo
1344 1710 1381 1745 in
1398 1722 1536 1746 vanum
1556 1709 1730 1746 laborant
1746 1710 1984 1746 aedificantes.
2001 1714 2046 1746 Et
2063 1708 2148 1746 vide

1107 1771 1134 1807 C
1153 1782 1265 1818 quam
1284 1769 1416 1805 sortem
1429 1770 1520 1805 velit
1534 1770 1710 1819 intelligi,
1726 1784 1838 1819 quam
1856 1770 1951 1806 turri
1964 1770 2085 1807 David
2097 1783 2152 1806 as-

1151 1829 1298 1864 similat.
1319 1830 1417 1864 Sicut
1438 1834 1570 1873 turris,
1587 1829 1731 1877 inquit,
1751 1831 1874 1864 David
1887 1833 2020 1865 collum
2038 1839 2150 1865 tuum.

1151 1888 1235 1924 Noli
1264 1888 1301 1923 in
1331 1887 1401 1924 hoc
1431 1888 1529 1923 collo
1562 1888 1877 1925 inflexibilitatem
1906 1897 1943 1924 et
1971 1889 2147 1924 duritiam

1149 1947 1332 1997 accipere.
1357 1949 1446 1982 Haec
1462 1947 1560 1981 enim
1580 1959 1656 1981 non
1677 1956 1839 1994 possunt
1857 1947 1902 1982 ad
1919 1947 2065 1983 laudem
2082 1947 2150 1983 de-

1150 2005 1271 2048 flecti,
1294 2003 1358 2039 sed
1379 2003 1654 2040 maledictionis
1674 2005 1898 2040 sententiam
1922 2014 2145 2054 provocant.

1149 2064 1399 2106 Maledictus,
1433 2062 1576 2110 inquit,
1593 2060 1707 2109 ficror
1735 2076 1880 2106 eorum,
1910 2069 1999 2111 quia
2025 2068 2145 2112 petti-

1147 2137 1228 2158 lmx
1244 2137 1254 2157 .·
1268 2132 1301 2157 et
1319 2121 1513 2157 obstinatio
1525 2151 1535 2166 ,
1552 2127 1643 2170 quia
1660 2125 1754 2158 clara
1766 2123 1794 2159 5.
1819 2125 1955 2159 Nervus
1969 2153 1978 2169 ,
1998 2124 2120 2173 inquit
2133 2153 2143 2169 ,

1137 2181 1286 2229 sbrreus
1303 2185 1427 2217 cervix
1443 2190 1507 2216 tem
1519 2180 1544 2216 ⁵.
1561 2181 1616 2220 Ad
1631 2181 1987 2219 condemnationem
2006 2184 2146 2220 intorta

1145 2249 1233 2277 sunt
1247 2241 1337 2285 ista,
1356 2253 1433 2276 non
1450 2240 1496 2276 ad
1513 2240 1882 2278 commendationem
1902 2243 2062 2292 prolata.
2082 2244 2126 2279 Ri
2138 2264 2148 2271 ·

1144 2300 1229 2349 gida
1246 2300 1489 2350 pervicacitas
1505 2300 1599 2336 solet
1615 2300 1826 2337 libertatem
1842 2303 1992 2339 mentiri
2003 2331 2012 2347 ,
2031 2316 2143 2351 quam

1144 2360 1182 2396 in
1203 2360 1259 2397 his
1282 2359 1406 2396 verbis
1429 2359 1574 2409 accipio
1596 2375 1603 2396 :
1625 2362 1724 2396 .S'icut
1743 2366 1851 2397 turris
1872 2364 1994 2398 David
2011 2366 2144 2398 collum

1145 2429 1258 2456 tuum.
1282 2419 1416 2457 Libera
1437 2420 1550 2469 plane
1570 2421 1716 2466 cervix,
1737 2430 1774 2458 et
1795 2423 1940 2458 servilis
1955 2422 2145 2458 conditio-

1146 2480 1202 2516 uis
1230 2481 1376 2528 ignara,
1403 2488 1475 2516 tam
1510 2489 1654 2526 crecta,
1682 2489 1756 2517 tam
1785 2482 1927 2518 munita
1959 2491 1997 2518 ut
2029 2483 2142 2518 turris

1095 2545 1129 2579 D
1143 2544 1215 2578 Dux
1228 2540 1276 2576 id.
1292 2544 1375 2577 Non
1395 2549 1488 2590 puto
1508 2540 1611 2589 quod
1631 2541 1758 2590 aliquo
1779 2541 1931 2591 abjectae
1950 2542 2142 2578 servitutis

1137 2599 1232 2648 jugo
1249 2599 1387 2635 collum
1407 2599 1505 2636 istud
1523 2608 1718 2636 atteratur.
1741 2601 2008 2650 Grawjugum
2027 2614 2142 2650 super

1141 2660 1237 2696 lilios
1259 2659 1378 2696 Adam
1405 2672 1423 2695 a
1453 2658 1512 2695 dic
1538 2660 1740 2696 nativitatis
1763 2660 1919 2696 eorum⁶
1940 2676 1947 2697 :
1976 2661 2039 2697 scd
2061 2661 2139 2697 liaec

1135 2719 1212 2768 jain
1232 2732 1307 2755 non
1324 2718 1473 2754 videtur
1491 2719 1537 2755 de
1559 2719 1703 2755 filiabus
1722 2720 1853 2757 Adam.
1871 2725 1952 2757 Jum
1971 2729 2135 2757 vctcrcm

1140 2779 1371 2816 nativitatem
1386 2779 1682 2827 regenerationis
1695 2781 1860 2816 nox-ium·
1876 2781 2047 2826 mutavit,
2058 2794 2137 2817 car-

1138 2839 1260 2875 nalem
1280 2838 1448 2874 nesciens
1466 2838 1604 2883 Adam,
1619 2852 1664 2874 ox
1683 2853 1759 2887 quo
1782 2840 1952 2876 transivit
1970 2840 2015 2876 ad
2034 2840 2137 2877 (lin-i-

1139 2907 1260 2943 stum3
1286 2912 1330 2934 cx
1361 2911 1436 2946 quo
1461 2897 1628 2934 secundo
1654 2898 1828 2943 adhaesit,
1855 2913 1952 2935 uuus
1982 2900 2135 2950 spiritus

1138 2959 1270 2995 efferta
1291 2971 1375 2993 rum
1399 2957 1474 2993 illo.
1498 2957 1588 2994 Ideo
1612 2957 1746 3001 libera,
1769 2960 1947 3007 quoniam
1969 2959 2032 2995 ubi
2054 2958 2133 3008 spi-

1139 3019 1231 3054 ritus
1249 3016 1420 3060 Domini,
1437 3016 1486 3052 ibi
1505 3015 1674 3058 lil›‹·=·tas;
1689 3017 1837 3053 libertas
1853 3032 1925 3067 qua
1948 3032 2016 3054 nos
2031 3017 2135 3055 clu-i-

1138 3088 1215 3114 stus
1237 3076 1429 3113 liberauit:
1451 3074 1603 3112 libertas
1620 3076 1724 3119 data,
1747 3089 1821 3112 nou
1844 3077 1982 3113 inuata.
2007 3082 2095 3114 ‚Nam
2112 3091 2130 3112 a

1734 3210 1743 3224 ἶ*
1779 3215 1845 3242 lm.
1880 3224 1996 3244 x1x111.
2035 3231 2039 3242 ι
