2418 3949
221 266 315 303 1137

216 355 294 378 rem
321 340 487 378 refundis
510 340 667 389 injurias
694 355 701 377 :

1039 263 1202 299 SERMO
1231 262 1454 297 TERTIUS.

731 349 772 376 ut
795 340 899 389 quod
921 339 1149 384 laudaverit,
1170 336 1441 374 tu⁵⁷²audeant
1470 337 1541 386 ipsi
1567 336 1763 373 Divinitati
1795 335 1930 385 gratias
1956 333 2170 370 immutire?
2202 333 2275 380 Qui

2171 255 2268 292 1138

218 401 432 450 vitupere53
455 401 557 449 quod
586 400 879 449 vituperaverit,
903 408 942 435 tu
962 398 1103 435 laudes.
1125 400 1208 434 Non
1229 403 1261 435 A
1279 409 1364 432 cum
1401 395 1675 440 malefecerint,
1709 396 1903 439 laetantur,
1940 402 1977 429 et
2012 393 2201 429 exsultant
2236 393 2275 428 in

216 469 272 497 est
311 461 382 496 hoc
419 461 609 509 palpativa
646 459 943 496 dissimulatione
984 455 1206 498 tacendum,

217 518 319 567 quod
347 518 506 555 viderim
539 517 722 567 quosdam
752 526 918 554 vestrum
950 517 1063 552 tantis
1088 516 1211 564 impa-

219 577 355 613 tientiae
375 577 534 613 stimulis
553 577 683 625 agitari
697 605 706 617 ,
729 584 770 612 ut
786 576 831 612 ad
851 576 992 626 primas
1014 582 1211 623 correpto-

221 637 269 672 ris
290 649 402 673 voces
423 649 499 672 non
520 636 641 671 sotum
660 635 938 671 excusationem
961 642 998 670 et
1017 632 1210 668 defensio·-

218 708 304 731 nem
337 694 567 739 exhibeatis;
595 693 660 730 sed
688 701 726 729 et
753 693 823 729 nisi
845 692 1089 742 disciplinalis
1107 690 1213 738 vigor

218 753 450 798 obviaverit,
483 753 530 789 ad
560 753 742 789 tumultus
776 761 813 788 et
841 751 966 801 jurgia
997 749 1210 801 prosiliatis.

218 816 305 849 Haec
329 820 384 848 est
413 812 586 861 impietas
614 811 777 848 maxima
797 811 836 846 in
865 815 1009 854 Deum,
1032 809 1211 846 delictum

218 871 422 907 maximum
442 884 450 906 :
477 870 579 919 quod
599 871 658 906 vir
673 871 835 919 simplex
853 879 890 906 et
909 878 1045 915 rectus,
1062 877 1100 905 et
1119 880 1215 917 puer

216 930 369 966 Domini
405 942 552 965 summa
582 929 921 978 circumspectione
953 928 1106 964 devitat.
1126 927 1214 962 Ele-

216 988 469 1035 gantissimam
499 1001 613 1037 super
637 988 693 1024 his
719 988 1042 1037 comparationem
1069 985 1213 1022 inducit

217 1047 426 1096 propheti,
461 1061 572 1097 quam
610 1048 656 1084 de
693 1049 857 1084 sacrario
897 1047 1015 1084 sancti
1053 1046 1213 1096 Spiritus

1275 454 1386 491 rebus
1413 454 1616 503 pessimis².
1648 454 1790 491 Cadent
1821 466 1935 503 super
1965 466 2030 489 eos
2064 451 2270 494 carbones,

1275 514 1366 550 etin
1392 514 1516 562 ignem
1535 511 1797 561 dejicientur3.
1822 512 1892 549 Sed
1919 512 2022 548 rivus
2047 512 2134 556 iste,
2160 524 2274 560 quam

1276 573 1421 610 undosa
1442 572 1647 608 reflexione
1666 572 1821 607 miseros
1848 571 2057 607 animantes
2087 569 2271 614 effundit,

1278 632 1413 668 melius
1433 631 1686 676 conscientia,
1709 644 1822 679 quam
1852 630 2070 679 eloquentia
2098 641 2274 678 compre-

1279 690 1423 726 hendit.

1336 750 1393 786 10.
1425 751 1560 785 Sextus
1579 756 1635 785 est
1665 748 1757 784 alios
1788 748 1924 785 docere
1945 747 1990 784 ad
2013 747 2164 783 malum.
2187 749 2274 783 Haec

1280 808 1454 844 doctrina
1497 807 1542 842 de
1579 807 1755 843 cathedra
1792 807 2015 856 pestilentiae
2059 806 2272 850 derivatur,

1279 881 1391 917 quam
1414 867 1620 903 detestatur
1648 875 1685 902 et
1716 867 1895 916 reprobat
1925 866 1987 915 qui
2016 865 2125 901 docet
2155 865 2275 900 homi-

1280 940 1366 963 nem
1396 927 1605 963 scientiam.
1628 929 1659 963 Ο
1679 939 1791 975 quam
1815 927 1851 961 in
1880 938 2018 961 vanum
2037 925 2172 973 accipit
2191 923 2275 959 ani-

1280 999 1378 1022 mam
1409 1000 1535 1030 suam,
1564 987 1629 1034 qui
1660 986 1820 1021 aliorum
1855 985 1998 1021 animas
2031 991 2193 1019 venatur
2229 981 2276 1018 ad

1280 1053 1463 1089 mortem,
1488 1045 1553 1094 qui
1576 1044 1689 1080 trahit
1718 1052 1869 1093 peccata
1890 1044 1986 1079 sicut
2013 1051 2156 1078 vestem
2186 1042 2275 1077 lon-

216 1108 436 1156 asportavit.
461 1107 527 1151 Ibi,
554 1108 696 1156 in'quit,
721 1108 851 1143 habuit
865 1105 1017 1154 seucum
1043 1110 1210 1141 ericius¹.
1234 1109 1259 1143 B
1277 1118 1381 1153 gam;
1399 1105 1462 1153 qui
1487 1104 1618 1139 miscet
1644 1104 1866 1151 sanguinem
1895 1101 2097 1150 sanguine3
2120 1100 2179 1136 cui
2197 1112 2275 1135 non

218 1167 362 1203 Ericius
397 1167 450 1203 ita
482 1167 756 1203 confertissima
787 1167 1006 1216 spinositate
1035 1165 1212 1201 densatus

216 1235 293 1271 est,
321 1235 361 1263 ut
383 1226 551 1275 undique
571 1227 842 1276 punctionibus
859 1235 897 1263 et
914 1226 1053 1263 aculeis
1074 1225 1211 1261 vestia-

217 1293 288 1321 tur.
311 1288 403 1322 Cum
431 1299 521 1322 vero
548 1299 586 1323 se
607 1286 847 1322 solitudinem
878 1285 1055 1334 adeptum
1077 1292 1208 1333 putat,

215 1353 329 1394 caput
357 1345 502 1394 aperit,
535 1346 672 1382 exserit
705 1345 842 1395 pedes,
873 1353 910 1381 et
942 1343 1212 1380 vivificatorios

216 1412 342 1440 motus
355 1404 466 1454 plana
481 1404 788 1440 deambulatione
808 1404 1053 1440 demonstrat.
1072 1403 1109 1440 Si
1128 1402 1212 1450 quis

216 1464 495 1512 supervenerit,
517 1464 639 1499 statim
665 1463 860 1499 celerrima
880 1463 1078 1499 velocitate
1099 1470 1212 1511 caput

215 1535 300 1558 eum
325 1521 486 1571 pedibus
507 1523 544 1558 in
570 1522 729 1559 interius
750 1521 1074 1558 absconditorium
1096 1533 1212 1570 repo-

216 1581 272 1617 nit
291 1596 298 1617 :
319 1589 359 1617 ut
381 1582 412 1617 si
439 1590 564 1618 tenere
584 1582 763 1626 volueris,
784 1582 887 1631 prius
907 1581 1037 1618 videas
1061 1579 1213 1628 sangui-

217 1652 302 1676 nem
329 1649 455 1686 tuum,
478 1654 591 1689 quam
619 1653 758 1690 corpus
786 1653 910 1676 suum.
942 1641 1000 1677 Sic
1021 1648 1057 1675 et
1079 1651 1213 1688 pecca-

217 1700 308 1736 toris
332 1708 444 1749 caput
469 1713 552 1736 cum
572 1700 746 1749 pedibus,
763 1700 925 1735 intentio
947 1713 1029 1735 cum
1048 1699 1210 1742 actione,

215 1772 236 1795 a
256 1768 448 1808 pastorum
471 1760 725 1797 sollicitudine
744 1768 1007 1809 prospectatur
1029 1773 1035 1795 :
1057 1768 1094 1796 et
1109 1758 1213 1808 quod

215 1818 292 1854 fere
321 1819 489 1855 omnium
522 1819 759 1869 peccantium
788 1819 923 1855 vitium
951 1827 1024 1864 est,
1052 1831 1136 1854 cum
1165 1816 1213 1853 ab

1279 1164 1418 1200 sufficit
1447 1171 1489 1198 ut
1509 1163 1670 1198 intereat
1692 1162 1730 1197 in
1755 1161 1933 1197 saeculum
1960 1160 2108 1204 saeculi,
2137 1159 2207 1194 nisi
2239 1167 2277 1194 et

1275 1223 1368 1260 alios
1411 1222 1457 1259 ad
1505 1221 1700 1257 interitum
1748 1220 1945 1269 pertrahat
1981 1219 2274 1267 sempiternum!

1277 1283 1385 1319 Scitis
1403 1282 1502 1318 enim
1525 1281 1613 1330 quia
1634 1281 1752 1316 multa
1768 1280 1857 1316 vitia
1877 1279 2090 1315 tenerrimis
2106 1276 2278 1313 aetatibus

1277 1342 1566 1391 imprimuntur3
1597 1353 1681 1388 quae
1712 1348 1844 1389 postea
1876 1339 1914 1374 in
1946 1351 2082 1387 magno
2115 1349 2277 1386 corpore

1278 1400 1339 1436 vix
1360 1400 1551 1449 mitigare,
1573 1398 1712 1434 nedum
1737 1398 1946 1447 exstirpare
1968 1397 2165 1446 quisquam
2187 1408 2276 1444 pos-

1277 1458 1337 1494 sit.
1358 1458 1530 1494 Infelices
1551 1456 1740 1505 magistri,
1759 1456 1825 1505 qui
1846 1454 2063 1504 hujusmodi
2091 1453 2275 1503 plantaria

1277 1518 1563 1567 plantaverunt!
1598 1515 1922 1565 explantabuntur
1948 1514 1995 1550 ab
2036 1515 2096 1550 illa
2136 1513 2277 1549 coelesti

1278 1577 1524 1626 plantatione,
1546 1588 1658 1624 quam
1678 1566 1862 1624 plan’tavit
1887 1577 1997 1611 Pater
2018 1574 2080 1609 ille
2100 1572 2273 1608 coelestis.

1277 1636 1370 1683 Quis
1396 1634 1620 1684 gloriabitur
1635 1647 1674 1671 se
1693 1634 1805 1681 hujus
1836 1633 1905 1669 rivi
1937 1631 2169 1669 torrentibus
2196 1643 2273 1667 non

1279 1695 1390 1731 fuisse
1412 1695 1616 1731 vallatum?

1336 1757 1348 1791 l
1366 1757 1394 1790 l.
1424 1754 1614 1803 Septimus
1631 1759 1706 1796 est,
1726 1751 1763 1787 in
1785 1750 1961 1787 omnibus
1980 1751 2037 1787 his
2059 1751 2166 1786 malis
2184 1762 2273 1799 per-

1279 1826 1462 1850 severare.
1485 1813 1555 1849 Hic
1587 1820 1763 1862 peccator
1793 1811 1987 1847 demersus
2013 1818 2069 1846 est
2089 1818 2126 1845 et
2147 1808 2273 1845 absor-

214 1877 392 1913 omnibus
417 1878 608 1923 videatur,
627 1891 649 1914 a
672 1878 822 1915 nemine
843 1878 1000 1914 aestimat
1020 1890 1058 1913 se
1076 1877 1209 1913 videri.
1230 1880 1257 1915 C
1277 1883 1379 1924 ptuS‚
1394 1873 1573 1910 etclausit
1592 1886 1706 1922 super
1723 1885 1807 1908 eum
1828 1880 1964 1920 puteus
1982 1884 2023 1907 os
2041 1883 2163 1906 suum.
2180 1872 2274 1906 Cum

213 1937 251 1972 Si
266 1936 397 1972 vitium
414 1950 581 1974 resecare
601 1937 764 1983 studeas,
781 1946 819 1973 et
836 1937 1057 1973 intentionis
1073 1937 1210 1985 ingres-

214 2008 276 2031 sus
301 2008 385 2031 cum
416 1996 573 2032 actionis
593 1996 805 2045 egressibus
825 1996 1043 2032 correctivis
1071 1994 1210 2044 depre—

216 2054 385 2091 hendere
408 2069 415 2090 2
448 2056 571 2092 statim
600 2057 790 2093 Ciceronis
810 2056 1027 2104 eloquentia
1050 2069 1212 2091 renova—

216 2122 295 2159 tur;
330 2122 532 2150 excusatur
564 2123 601 2150 et
633 2115 849 2151 defenditur
882 2114 986 2163 quod
1018 2115 1208 2164 opponis,

213 2175 396 2211 accusaris
417 2183 455 2211 et
474 2175 680 2211 offenderis
699 2177 763 2224 qui
785 2176 979 2225 proponis.
1000 2179 1210 2224 Interrogat

214 2233 261 2270 de
285 2234 368 2270 loco
391 2242 428 2270 et
449 2233 495 2270 de
523 2242 693 2284 tempore
723 2234 876 2284 quando
905 2235 1041 2271 factum
1070 2235 1206 2280 fuerit,

213 2302 249 2329 ct
278 2306 399 2329 novus
428 2293 644 2330 dialecticus
671 2304 817 2331 exserta
848 2295 972 2343 lingua
993 2295 1210 2344 prorumpit

213 2352 250 2388 in
283 2352 462 2389 medium.
486 2356 664 2390 Parentes
696 2353 875 2399 advocat3
910 2354 1209 2402 patrocinatores

212 2411 363 2460 quaerit;
394 2411 541 2461 gravari
569 2424 607 2448 se
632 2411 796 2460 judicat;
819 2412 958 2448 indicat
980 2425 1018 2448 se
1040 2425 1208 2448 recessu-

213 2483 318 2516 rum,
341 2471 450 2507 malle
472 2472 591 2517 mori,
621 2485 733 2520 quam
755 2472 831 2521 pati
857 2472 962 2518 talia3
986 2479 1022 2507 et
1043 2485 1126 2521 quae
1147 2472 1204 2507 vi-

212 2529 318 2576 disti,
347 2543 507 2578 negans‚
532 2539 568 2566 et
589 2544 674 2580 quae
699 2544 774 2567 non
799 2530 892 2567 vidit
921 2531 956 2566 in
980 2539 1014 2566 te
1038 2531 1209 2567 convicia

213 2597 450 2638 retorquens
473 2590 531 2627 Sic
553 2589 698 2638 spinam
729 2589 864 2634 sentis,
885 2598 921 2625 et
941 2589 1090 2638 culpam
1117 2602 1210 2637 per—

1275 1936 1376 1972 enim
1400 1948 1475 1971 non
1494 1935 1592 1970 levat
1615 1934 1746 1970 oculos
1766 1932 1811 1969 ad
1833 1933 1989 1977 coslum,
2010 1944 2079 1967 nec
2100 1929 2274 1966 recorda-

1278 2003 1338 2031 tur
1354 1994 1587 2043 judiciorum
1605 1992 1796 2041 justorum
1813 2021 1822 2036 ,
1851 2000 2023 2027 mortuus
2052 1998 2128 2034 est,
2156 1997 2193 2025 et
2215 2001 2276 2024 se-

1276 2054 1404 2103 pultus
1434 2053 1472 2088 in
1504 2052 1680 2102 sepulcro
1713 2050 1952 2087 conscientiae
1992 2062 2081 2085 suae.
2115 2051 2221 2084 Tunc
2253 2059 2275 2082 a

1277 2121 1430 2150 mortuo
1453 2121 1629 2161 tanquam
1651 2111 1716 2160 qui
1738 2123 1814 2146 non
1833 2117 1905 2154 est,
1926 2109 2021 2158 perit
2040 2106 2274 2143 confessio&

1277 2181 1366 2209 tunc
1387 2180 1562 2222 peccator
1582 2184 1667 2206 cum
1685 2169 1830 2205 venerit
1849 2169 1884 2204 in
1905 2167 2138 2218 profundum
2158 2166 2276 2201 malo-

1275 2245 1372 2276 rum,
1394 2229 1638 2267 contemnit5.
1664 2230 1734 2265 llic
1754 2229 1862 2264 estin
1881 2235 2052 2264 extremo
2074 2225 2274 2261 fluminum

1274 2291 1446 2340 [EQ-pti,
1464 2299 1500 2326 et
1517 2288 1720 2325 multitudo
1738 2287 2019 2323 miserationum
2036 2284 2189 2321 Domini
2207 2283 2275 2319 tol-

1276 2350 1365 2386 litur
1382 2349 1428 2386 ab
1445 2349 1565 2385 oculis
1585 2347 1678 2396 ejus.

1334 2410 1389 2446 12.
1421 2412 1452 2446 Ο
1476 2409 1616 2445 flumen
1639 2407 1799 2446 malum.
1825 2405 1894 2441 rivi
1915 2403 2091 2454 pessimi,
2114 2402 2184 2438 rivi
2205 2414 2274 2437 ex-

1278 2468 1537 2504 terminantes!
1557 2471 1635 2503 Hac
1657 2474 1765 2502 nocte
1785 2464 1973 2501 Dominus
2003 2475 2067 2499 eos
2088 2462 2275 2498 calceatus

1277 2528 1468 2571 transivit,
1502 2540 1586 2563 cum
1624 2526 1660 2562 in
1695 2524 1868 2573 virginali
1899 2522 2105 2560 substantia
2140 2533 2273 2570 puram

1276 2601 1426 2624 carnem
1445 2596 1482 2623 et
1501 2587 1669 2623 omnium
1690 2592 1980 2634 przetaxatarum
2007 2582 2169 2631 pestium
2200 2582 2275 2616 im—

213 2646 269 2682 ‹lis
290 2661 296 2681 z
323 2647 451 2683 odium
473 2647 634 2683 incurris
647 2676 655 2692 ‚
673 2661 741 2683 nec
760 2648 916 2696 corrigis
935 2660 942 2681 :
962 2656 998 2696 et
1018 2660 1129 2695 quem
1154 2655 1205 2682 to-
1225 2654 1256 2687 D
1276 2660 1428 2682 munem
1447 2647 1591 2695 accepit
1605 2660 1611 2680 :
1626 2646 1689 2680 illo
1702 2644 1954 2680 calceamento
1970 2642 2155 2677 calceatus
2171 2638 2274 2688 quod

214 2714 291 2741 tum
313 2714 440 2742 tenere
457 2705 634 2755 putabas,
653 2715 771 2742 totum
791 2707 942 2743 amittis.
964 2706 1076 2742 Vides
1093 2719 1204 2754 quam

214 2765 409 2814 multiplici
430 2765 692 2801 cumulositate
711 2766 813 2801 rivus
834 2765 901 2801 iste
923 2766 1025 2801 omni
1041 2766 1182 2801 homini
1198 2794 1207 2811 ,

211 2833 247 2860 et
268 2825 428 2860 maxime
449 2833 577 2861 nostro
597 2825 729 2862 Ordini
750 2838 788 2860 se
808 2825 997 2861 infundit?

264 2884 299 2919 9.
331 2884 494 2930 Quintus
511 2893 568 2920 est
593 2884 796 2921 exsultatio
824 2885 859 2920 in
891 2883 1064 2934 peccatis.
1084 2888 1114 2921 Ο
1141 2884 1208 2920 ‹le-

215 2942 382 2978 tcstanda
411 2943 554 2988 laetitia,
576 2952 611 2980 et
631 2944 666 2979 iu
688 2944 908 2992 sempiterni
925 2943 1068 2980 doloris
1090 2943 1207 2979 tristi-

213 3001 299 3037 tiam
318 3001 565 3046 demutanda,
587 3003 624 3038 in
643 3003 805 3052 peccatis
825 3003 919 3039 sieut
939 3003 975 3038 in
1002 3002 1206 3038 virtutibus

211 3062 413 3097 exsultare.
450 3065 585 3098 Nonne
630 3063 896 3098 latrocinantes
929 3070 966 3098 et
1006 3062 1207 3098 facinorosi

211 3121 352 3169 quique
375 3134 458 3156 cum
493 3130 665 3157 votorum
699 3121 973 3170 plenitudinem
1004 3134 1208 3168 assequun-

213 3186 287 3223 tur,
312 3192 386 3215 non
413 3193 451 3216 se
479 3182 635 3230 capiunt
664 3194 741 3231 prae
763 3180 920 3229 gaudio,
952 3180 1000 3216 ita
1022 3180 1132 3215 etiam
1170 3187 1209 3214 ut

263 3317 269 3330 ¹
299 3311 368 3342 lsai.
395 3322 509 3348 xxxiv,
535 3317 585 3344 15.
610 3331 633 3336 —-
673 3319 683 3334 ²
704 3316 794 3343 Prov.
823 3325 868 3349 ιι,
895 3315 943 3343 Η.

212 3364 226 3380 ⁴¹
244 3364 324 3393 l'sal.
344 3374 395 3392 mx
413 3388 419 3399 ,
443 3367 493 3394 ΙΟ.
512 3383 548 3388 —-
573 3368 682 3395 7111112
707 3377 767 3402 ιιι,
792 3369 841 3395 Νι.

987 3332 1009 3335 *—
1039 3310 1049 3331 3
1076 3311 1153 3342 t‘sal.
1177 3321 1317 3341 (xxxxix.
1347 3313 1396 3339 11.
1421 3327 1461 3331 --e

1274 2706 1310 2741 iu
1333 2705 1536 2741 ldumaeam
1556 2702 1766 2746 extenditfi,
1787 2702 1894 2750 eujus
1920 2700 2117 2747 corrigiam
2143 2699 2272 2735 solve—

1275 2778 1314 2801 re
1346 2777 1420 2799 non
1452 2763 1575 2812 potuit
1603 2775 1759 2810 magnus
1789 2758 2191 2809 itte1321p1i51217.31isit
2227 2757 2273 2793 de

1274 2836 1421 2859 summo
1448 2823 1580 2859 Filium
1609 2835 1739 2865 suum,
1768 2830 1804 2856 et
1834 2821 1977 2869 aceepit
2007 2833 2065 2854 me
2096 2819 2131 2854 in
2165 2826 2273 2853 utero

1273 2883 1457 2931 Virginis,
1489 2890 1525 2918 et
1560 2881 1611 2917 sic
1637 2880 1787 2916 tandem
1819 2878 2019 2927 assumpsit
2050 2891 2128 2921 me,
2161 2885 2196 2912 et
2226 2875 2272 2911 de,

1275 2941 1474 2992 profundis
1495 2953 1693 2989 aquarum.
1723 2940 1976 2976 percutiemus
2002 2947 2035 2973 et
2055 2950 2139 2979 eos,
2160 2937 2188 2972 si
2209 2949 2274 2971 co-

1273 3002 1432 3050 gitemus
1467 3014 1536 3049 pro
1565 3008 1720 3049 peceato
1752 3008 1902 3039 nostro,
1939 2998 1967 3033 si
2004 2996 2275 3046 prohibeamus

1275 3061 1438 3106 linguam
1469 3071 1488 3093 a
1513 3057 1623 3102 dolo,
1652 3058 1679 3093 si
1702 3057 1935 3093 declinemus
1966 3070 1984 3091 a
2018 3056 2140 3098 malo,
2163 3063 2197 3090 et
2221 3056 2273 3089 sa-

1275 3119 1416 3154 eiamus
1448 3117 1590 3153 bonum
1620 3132 1626 3152 :
1659 3117 1688 3153 si
1715 3117 1965 3152 conliteamur
1986 3114 2185 3150 adversum
2209 3128 2277 3149 nos

1276 3177 1495 3226 injustitiam
1516 3184 1682 3212 nostram
1702 3175 1887 3219 Domino,
1909 3175 1937 3211 si
1951 3174 2061 3210 dolor
2083 3182 2212 3209 noster
2232 3173 2278 3208 sit

1490 3308 1501 3333 5
1527 3308 1616 3339 Eeelt.
1643 3320 1734 3340 xvii.
1764 3312 1815 3337 ‘'sn.
1904 3305 1913 3326 7¹
1937 3309 2026 3337 Prox.
2051 3317 2133 3335 xxm
2151 3330 2156 3337 ,
2177 3309 2209 3332 A.
