2418 3949
152 226 221 263 541

645 224 788 260 LIBER
818 226 882 259 DE
913 224 1110 259 NATURA
1143 224 1201 257 ET
1230 223 1493 259 DIGNITATE
1525 222 1719 258 AMORIS.
2131 221 2205 256 542

150 301 321 353 quaedam
340 301 511 350 sequitur
524 301 670 350 saporis
689 300 868 347 dulcedo,
890 313 1001 350 quam
1023 300 1060 335 in
1082 297 1199 334 in-²⁵'³

1261 300 1322 336 31.
1343 300 1412 336 Hic
1434 307 1489 336 est
1509 306 1656 348 gustus,
1678 310 1790 347 quem
1814 297 1849 333 in
1867 296 2014 335 Christo
2033 296 2117 333 facit
2139 310 2207 333 no-

153 362 279 398 teriori
296 374 365 398 suo
385 359 549 396 sentiens
563 359 708 405 anima,
731 359 846 396 modo
869 359 1034 408 quodam
1061 358 1142 393 sin·
1163 361 1194 394 A
1212 358 1269 394 bis
1282 359 1436 408 spiritus
1454 359 1685 403 intellectus,
1711 357 1925 394 intellectus
1947 356 2089 392 scilicet
2112 358 2207 393 Scri-

151 421 270 470 gulari
284 429 320 456 ct
333 419 476 456 caeteris
489 419 663 456 sensibus
678 417 1045 463 incommunicabili,
1063 429 1147 465 quae

98 484 103 488 ”
152 480 327 530 suscipit,
353 487 486 516 cuncta
506 478 708 524 discernit,
734 486 772 515 et
793 477 978 527 dijudicat
1000 491 1007 512 :
1032 488 1147 525 seque

152 552 358 588 omnesque
381 551 513 575 sensus
529 546 698 587 vegetat,
720 545 757 573 et
776 538 987 574 confirmat.
1006 537 1147 573 Gustus

152 611 242 647 ergo
268 599 307 634 in
335 597 467 647 capitis
490 605 528 633 et
552 597 724 647 eorporis
757 596 945 641 confinio,
968 595 1005 631 id
1027 603 1083 631 est
1105 595 1143 630 in

152 666 302 707 gutture
331 658 498 707 positus,
529 658 635 693 velut
662 665 865 705 utrumque
891 662 1144 699 connectens,

152 730 238 754 eum
256 717 425 766 designat
441 717 504 765 qui
526 729 594 765 per
617 715 872 752 conditionem
891 714 1012 751 carnis
1032 713 1146 763 paulo

153 776 276 812 minus
295 784 352 812 est
377 775 585 811 minoratus
606 774 653 811 ab
675 774 825 823 Angelis
839 802 849 819 ,
872 782 909 810 et
928 777 1080 822 Moyse,
1111 780 1148 808 et

153 835 231 872 Elia
263 834 482 882 caeterisque
511 833 756 878 Patriarchis,
777 841 814 869 et
842 833 1053 882 Prophetis.
1078 835 1149 868 Per

151 892 423 930 exhibitionem
449 893 639 942 patientiae
663 901 699 929 ct
717 893 941 929 humilitatis
962 893 1146 928 minorem

151 966 190 990 se
209 952 491 1002 quodammodo
511 952 596 989 fecit
610 980 620 997 ,
646 960 684 988 et
703 952 943 988 humiliorem
964 967 972 988 ε
992 965 1076 989 cum
1096 952 1147 988 illi

152 1013 299 1063 potenti
326 1013 466 1049 virtute
479 1041 488 1057 ,
518 1012 589 1049 Dei
613 1020 650 1049 et
669 1025 757 1048 suos
774 1020 1058 1061 prosternerent
1078 1011 1149 1047 ini-

1212 426 1409 466 pturarum
1443 427 1478 454 et
1510 425 1830 454 sacramentorum
1862 417 1943 454 Dei.
1976 416 2088 454 Unde
2117 430 2203 453 cum

1212 485 1299 527 post
1327 478 1639 514 resurrectionem
1664 490 1768 513 suam
1795 477 1982 514 Dominus
2012 476 2206 527 discipulis

1212 536 1390 586 apparuit
1407 550 1414 572 z
1439 538 1549 579 Tunc,
1570 536 1693 585 inquit
1707 537 1955 585 evangelista,
1974 541 2121 584 aperuit
2138 539 2209 572 illis

1211 609 1354 630 sensum
1376 605 1414 630 ut
1434 598 1685 644 intelligerent
1714 597 1925 644 Scripturas
1945 594 1972 631 ⁶.
1994 598 2087 633 Cum
2108 596 2209 632 enim

1212 655 1490 703 Scripturarum
1523 655 1742 691 interiorem
1765 667 1913 691 sensum
1930 683 1939 699 ,
1968 663 2006 691 et
2030 656 2208 692 virtutem

1213 714 1480 762 mysteriorum
1500 721 1536 749 et
1553 722 1873 749 sacramentorum
1896 714 1966 750 Dei
1986 714 2212 763 coeperimus

1213 785 1290 808 non
1322 773 1445 809 solum
1476 771 1708 821 intelligere,
1730 772 1794 808 sed
1823 772 1935 808 etiam
1967 774 2149 822 quadam,
2169 783 2211 810 ut

1213 832 1265 868 ita
1293 831 1439 876 dicam,
1472 831 1716 881 experientiae
1748 844 1861 867 manu
1882 832 2037 881 palpare
2068 841 2106 869 et
2131 842 2211 869 tra-

1214 900 1314 928 ctare
1342 890 1477 942 (quod
1506 904 1582 927 non
1614 892 1654 927 fit
1683 891 1753 927 nisi
1779 891 1945 940 quodam
1971 892 2209 928 conscientiae

1214 963 1345 996 sensu,
1374 959 1411 986 et
1443 950 1685 1000 experientiae
1715 950 1912 999 disciplina
1946 950 2208 1000 intelligentis,

1214 1011 1316 1056 imo,
1345 1019 1386 1046 ut
1414 1011 1498 1060 plus
1528 1010 1670 1054 dicam,
1706 1010 1809 1046 intus
1846 1010 1884 1046 in
1917 1011 2116 1060 semetipsa
2158 1012 2211 1047 lc-

119 1089 125 1094 ·
152 1073 293 1119 micos3
325 1073 404 1122 ipsc
429 1085 519 1108 vero
545 1085 632 1108 suos
662 1071 817 1108 doceret
845 1070 1051 1120 discipulos
1080 1085 1087 1106 ε
1111 1071 1150 1106 Si
1170 1073 1197 1107 B
1213 1071 1354 1120 gentis,
1374 1079 1411 1107 et
1430 1071 1623 1107 sentientis
1643 1069 1850 1106 bonitatem
1867 1070 1935 1106 Dei
1950 1098 1959 1115 ,
1981 1079 2018 1106 et
2036 1071 2211 1108 virtutem

151 1138 231 1181 quis
243 1137 464 1181 percusserit
481 1142 516 1168 te
533 1132 571 1168 ιἰι
583 1134 774 1168 dexteram
790 1133 1006 1174 maxiltam,
1019 1129 1151 1179 praebe

153 1197 189 1226 ei
205 1202 241 1228 (fl
253 1194 410 1228 alteram
430 1198 456 1228 ¹.

207 1252 268 1288 30.
291 1252 361 1288 Hic
384 1251 483 1288 enim
512 1259 599 1301 post
625 1249 832 1300 Prophetas
850 1251 1004 1286 veniens
1027 1258 1064 1286 et
1087 1253 1151 1286 Pa-

154 1310 353 1356 triarchas,
374 1310 480 1347 limes
494 1310 647 1359 quidam
670 1309 778 1358 Legis
806 1317 843 1346 et
868 1310 1025 1355 Gratiae,
1047 1309 1154 1359 capi-

155 1371 199 1406 tis
217 1378 254 1406 et
275 1370 467 1419 corporis,
490 1383 558 1420 per
579 1369 757 1418 mysteria
782 1369 1026 1406 humanitatis
1055 1382 1153 1414 suae,

154 1438 190 1466 et
218 1430 419 1480 passionis,
439 1438 477 1466 et
507 1429 813 1474 resurrectionis,
836 1441 1086 1478 quaecumque
1115 1429 1152 1464 in

153 1489 257 1538 lege,
277 1497 312 1525 et
339 1489 560 1539 Prophetis,
590 1497 626 1525 ct
651 1489 828 1534 Psalmis,
850 1497 887 1525 ct
913 1489 1064 1537 hymnis
1093 1501 1153 1524 sa-

153 1549 296 1594 lubria,
328 1562 576 1599 quaeeumque
601 1550 752 1598 corpori
773 1549 901 1585 vitalia
930 1549 987 1585 vel
1025 1549 1152 1595 utilia,

155 1609 260 1658 quasi
281 1609 472 1659 quoddam
502 1610 619 1659 ipsius
645 1622 687 1645 os
711 1608 931 1658 degustans,
954 1608 990 1644 id
1017 1617 1071 1645 est
1092 1609 1154 1645 in-

158 1670 352 1718 telligens,
373 1678 410 1706 et
439 1683 507 1719 per
537 1682 576 1706 se
603 1669 846 1718 intelligenda
874 1669 1025 1718 corpori
1049 1668 1154 1718 traji-

157 1729 277 1773 ciens,
302 1729 418 1766 homo
445 1729 631 1773 Christus,
654 1728 826 1764 interiori
860 1727 1024 1777 quodam
1053 1727 1152 1764 divi-

156 1787 285 1825 nitatis
314 1802 389 1825 suae
413 1801 548 1838 sapore
576 1787 675 1838 (quo
697 1788 880 1837 sapientia
904 1787 1015 1824 nobis
1038 1788 1154 1824 factus

1216 1143 1328 1179 quam
1352 1129 1499 1179 potenti
1529 1128 1696 1165 bonitate
1727 1142 1812 1164 cum
1846 1129 1987 1165 efficaci
2015 1129 2156 1166 virtute
2175 1131 2213 1166 in

1217 1190 1302 1226 filiis
1319 1190 1467 1239 gratiae,
1489 1201 1586 1239 opus
1603 1188 1722 1238 ipsius
1743 1187 1871 1238 gratiae
1893 1188 2108 1238 operatur);
2128 1197 2215 1225 tunc

1218 1249 1369 1286 demum
1403 1249 1585 1299 sapientia
1617 1247 1718 1297 quod
1752 1261 1861 1284 suum
1894 1256 1949 1284 est
1974 1249 2213 1297 exsequitur3

1223 1318 1312 1346 tunc
1331 1322 1428 1358 quos
1455 1308 1589 1358 dignos
1613 1307 1760 1356 judicat
1791 1308 1971 1344 unctione
1992 1321 2078 1352 sua,
2107 1308 2215 1345 docet

1222 1369 1268 1406 de
1279 1369 1481 1415 omnibus;
1500 1377 1590 1405 tunc
1605 1368 1780 1418 apposito
1800 1367 1977 1403 bonitatis
1994 1368 2063 1404 Dei
2078 1369 2215 1418 sigillo,

1222 1429 1348 1465 omnia
1377 1437 1505 1465 nostra
1529 1436 1660 1478 pacata
1689 1428 1867 1464 unctione
1896 1427 1959 1463 illa
1989 1435 2026 1463 et
2053 1428 2217 1465 emollita

1220 1487 1403 1537 imprimit
1417 1497 1454 1524 et
1478 1488 1712 1532 conformat3
1735 1495 1771 1523 et
1799 1487 1828 1522 si
1853 1499 1927 1535 qua
1947 1499 2064 1536 pura,
2091 1488 2119 1523 si
2143 1501 2217 1537 qua

1221 1547 1339 1597 rigida
1369 1548 1576 1593 invenerit,
1617 1548 1779 1583 inculcat
1811 1555 1848 1583 ct
1879 1547 2048 1595 infringit
2070 1560 2077 1581 :
2099 1547 2220 1585 donec

1220 1608 1345 1644 laetitia
1374 1608 1548 1644 salutaris
1570 1607 1636 1643 Dei
1661 1615 1829 1656 recepta,
1860 1615 1897 1642 et
1921 1607 2114 1656 sapientiae
2140 1608 2218 1658 spi-

1220 1667 1294 1704 ritu
1327 1667 1526 1717 principali
1553 1668 1774 1703 confirmata
1801 1674 1927 1702 sancta
1960 1666 2104 1711 anima,
2137 1667 2220 1703 laeta

1219 1726 1266 1763 ad
1296 1729 1416 1763 Deum
1444 1726 1637 1771 decantet,
1660 1728 1853 1773 Signatum
1876 1734 1929 1761 est
1949 1739 2060 1774 super
2077 1739 2141 1761 nos
2163 1730 2219 1762 ltc-

1219 1800 1303 1822 men
1334 1790 1459 1822 vultus
1489 1790 1565 1829 tui,
1599 1788 1781 1828 Domine,-
1813 1786 1947 1820 dedisti
1978 1787 2150 1820 loetitiam
2184 1790 2221 1821 in

160 1856 215 1884 cst
244 1849 427 1898 sapientia
447 1849 515 1885 Dei
535 1848 705 1886 Christus
727 1848 768 1897 ²)
787 1847 917 1897 sapida
944 1860 987 1884 ea
1015 1847 1151 1894 habet3
1174 1849 1200 1884 C
1221 1846 1329 1881 corde
1349 1859 1428 1881 meo
1445 1851 1472 1880 7.
1503 1844 1614 1882 Unde
1643 1852 1680 1880 et
1711 1843 1896 1880 Dominus
1919 1858 1926 1879 :
1951 1846 2044 1879 Hoec
2065 1853 2137 1889 est,
2160 1845 2221 1880 in-

162 1906 346 1956 nobisque
368 1907 453 1943 facit
473 1906 603 1956 sapida
627 1906 685 1942 vel
709 1906 823 1942 utilia.
848 1909 891 1942 In
918 1918 957 1942 se
977 1906 1077 1942 enim
1097 1907 1156 1943 vi-

162 1979 272 2012 vens,
292 1974 329 2002 et
349 1979 417 2015 per
441 1979 479 2002 se
500 1974 620 2002 totum
647 1978 786 2015 corpus
808 1974 985 2015 vegetans
1006 1974 1043 2002 et
1068 1980 1157 2003 con-

163 2025 329 2061 formans
344 2053 353 2070 ,
373 2024 551 2074 gaudium
572 2023 642 2060 sibi
657 2053 666 2071 ,
684 2023 862 2074 gaudium
891 2025 1043 2074 Angelis
1073 2026 1158 2062 lacit

163 2081 209 2117 de
229 2082 556 2118 consummatione
574 2082 769 2130 corporis3
789 2082 964 2131 gaudium
990 2084 1157 2120 Patriar-

164 2141 242 2178 rhis
261 2149 298 2177 et
314 2141 510 2191 Prophetis
531 2141 577 2177 de
598 2142 740 2178 visione
758 2141 830 2178 dici
849 2155 947 2189 suae,
967 2143 1062 2179 sicut
1080 2144 1158 2193 ipse

164 2200 265 2247 dicit,
282 2200 472 2236 Abraham
484 2210 598 2249 pater
609 2211 732 2238 vester
742 2204 948 2247 exsultavit,
963 2212 1000 2238 ut
1019 2205 1160 2239 videret

163 2263 259 2296 diem
285 2274 404 2296 meum
417 2274 431 2304 ;
459 2262 578 2304 vidit,
609 2269 644 2296 et
668 2265 815 2310 gavisus
843 2271 895 2297 est
916 2261 955 2298 3:
977 2261 1156 2312 gaudium

164 2320 341 2356 universo
361 2320 513 2370 corpori
535 2328 571 2356 et
591 2321 723 2365 vitam;
742 2321 793 2357 ita
815 2329 854 2357 ut
870 2321 1034 2370 quodam
1057 2335 1157 2359 men-

165 2379 210 2415 tis
228 2379 396 2429 tripudio
422 2380 624 2416 universali
652 2380 716 2432 illo
740 2388 839 2416 tactu
861 2381 1045 2430 spirituali
1063 2382 1158 2418 vivi-

165 2438 261 2474 licati
276 2446 313 2474 et
332 2439 544 2475 confirmati
563 2439 788 2485 clamemus,
813 2442 924 2486 Quod
940 2443 1108 2477 vidimus
1124 2451 1159 2477 et

166 2501 391 2543 audivimus,
414 2508 448 2535 ec
464 2513 595 2535 mames
618 2508 756 2535 nostr-ce
776 2509 1088 2537 contrectaverunt
1112 2504 1157 2537 de

169 2558 286 2594 Verbo
305 2562 398 2594 vitoe
417 2558 446 2595 ⁶⁵.
470 2557 637 2607 Ideoque
666 2558 702 2594 in
727 2558 903 2596 omnibus
923 2560 1158 2597 orationibus

1223 1905 1326 1954 quit,
1347 1910 1428 1941 vita
1451 1914 1592 1941 (eterna
1607 1934 1617 1949 ,
1645 1914 1684 1940 nt
1710 1912 1934 1952 cognoscant
1953 1912 1989 1938 te
2011 1907 2127 1940 solum
2157 1919 2223 1940 ve—

1224 1979 1300 2001 rum
1325 1967 1440 1999 Deum
1453 1993 1464 2009 ‚
1494 1973 1530 1999 et
1556 1977 1662 2012 quem
1684 1966 1818 1998 misisti
1837 1965 1962 1998 lesum
1989 1964 2167 1998 Christum
2190 1964 2218 1999 3.

1223 2029 1334 2062 Beata
1355 2024 1532 2070 scientia,
1562 2024 1597 2060 in
1624 2037 1698 2073 qua
1723 2023 1940 2059 continetur
1966 2023 2041 2059 vita
2072 2031 2222 2060 aetcrna.

1223 2087 1306 2123 Vita
1326 2086 1394 2122 ista
1410 2098 1455 2121 ex
1473 2085 1539 2120 illo
1556 2092 1664 2133 gustu
1683 2091 1758 2128 est,
1782 2083 1868 2132 quia
1885 2091 2034 2131 gustare
2048 2112 2057 2125 ,
2079 2083 2152 2120 hoc
2171 2093 2225 2120 cst

1225 2145 1443 2193 intelligere.
1474 2147 1527 2180 Ex
1547 2143 1619 2179 hoc
1641 2151 1752 2193 gustu
1773 2155 1840 2192 per
1866 2142 1966 2178 hunc
1986 2155 2158 2192 saporem
2188 2145 2225 2180 in

1226 2205 1293 2240 hac
1323 2204 1501 2253 sapientia
1526 2203 1702 2239 minimus
1727 2202 1786 2238 ille
1815 2202 2082 2251 Apostolorum
2112 2204 2226 2239 satia-

1226 2272 1302 2308 tus,
1319 2264 1542 2307 exilaratus,
1557 2262 1801 2298 confirmatus
1815 2290 1823 2306 ,
1848 2263 1968 2306 Miles,
1988 2262 2110 2311 inquit
2124 2291 2133 2307 ‚
2155 2268 2227 2298 mi-

1224 2328 1323 2359 nimo
1352 2327 1516 2358 omnium
1545 2330 1754 2357 sanctorum
1782 2323 1871 2357 data
1893 2331 1948 2356 est
1971 2322 2052 2358 hoer·
2077 2328 2225 2372 gratia,

1225 2389 1263 2419 in
1287 2382 1458 2432 gentibus
1487 2385 1740 2430 evangelizare
1774 2382 2049 2431 investigabiles
2081 2386 2227 2419 divitias

1228 2444 1379 2486 Christi,
1396 2452 1430 2479 et
1444 2446 1658 2478 illuminare
1672 2456 1799 2477 (inim-s
1810 2473 1819 2487 ,
1841 2457 1926 2491 quw
1939 2448 1984 2478 sit
2001 2445 2226 2492 dispensatio

1223 2508 1445 2539 sacramenti
1465 2503 1670 2538 absconditi
1685 2516 1708 2537 a
1723 2506 1872 2537 soeculis
1889 2517 1926 2538 1η
1946 2505 2021 2538 Deo
2033 2533 2042 2548 ‚
2065 2509 2130 2551 qui
2146 2517 2226 2539 om-

1224 2567 1290 2598 nia
1303 2566 1439 2598 creavit
1458 2577 1468 2597 .-
1489 2571 1526 2597 ul
1544 2566 1749 2597 [relentescat
1760 2562 1993 2610 principibus
2009 2572 2044 2598 et
2056 2572 2226 2611 potesta-

166 2618 304 2655 nostris
332 2617 571 2667 subjicimus,
605 2636 619 2650 «
646 2622 716 2655 Per
735 2619 922 2656 Christum
954 2620 1156 2657 Dominum
1178 2626 1209 2659 D
1227 2622 1320 2659 tibus
1350 2627 1387 2657 in
1415 2621 1623 2657 melonibus
1649 2635 1719 2669 per
1748 2623 1952 2657 Ecclesiam
1987 2621 2223 2669 imeltrjfhrnm

167 2685 335 2714 nostrum
353 2693 360 2714 :
384 2694 398 2710 ι)
416 2679 474 2714 vel
497 2679 584 2727 quia
601 2691 735 2715 omncs
751 2679 943 2716 orationes
958 2689 1105 2718 nostras
1128 2689 1163 2717 et

167 2736 347 2773 sacrificia
365 2737 411 2773 ad
439 2739 559 2773 Deum
578 2741 724 2774 Patrem
750 2739 947 2788 dirigimus
967 2752 1034 2788 per
1053 2753 1138 2776 cum
1154 2769 1162 2784 ,

168 2797 262 2832 sicut
288 2809 357 2846 per
383 2796 627 2833 mediatorem
651 2807 842 2843 nostrum;
866 2799 923 2834 vel
945 2800 1031 2848 quia
1052 2800 1164 2849 quid-

169 2854 259 2902 quid
279 2867 474 2903 speramus
494 2870 512 2891 a
542 2859 649 2892 Patre
671 2857 873 2903 luminum,
896 2871 1007 2894 omne
1037 2860 1164 2896 datum

169 2913 378 2962 optimum,
414 2922 450 2949 et
477 2928 590 2950 omne
620 2915 761 2952 donum
788 2917 993 2965 perfectum
1022 2917 1056 2963 ⁵,
1089 2931 1163 2954 non

172 2985 238 3021 per
260 2985 408 3017 aurem,
430 2986 505 3009 non
529 2987 596 3024 per
622 2988 752 3022 nare-S,
771 2976 834 3013 sed
856 2990 923 3026 per
949 2978 1071 3028 ipsum
1094 2991 1163 3027 pe·

172 3032 283 3068 timus
301 3032 448 3069 inl'undi
467 3046 508 3069 os
529 3043 699 3071 nostrum
712 3065 719 3079 ‚
742 3044 777 3072 et
797 3045 945 3085 gustum
967 3046 1136 3074 nostrum
1153 3065 1162 3080 ‚

172 3099 207 3126 vt
228 3091 444 3139 sapientiam
475 3101 660 3139 nostram,
690 3104 727 3130 ut
749 3097 909 3131 sumenti
944 3097 1059 3144 possit
1086 3110 1163 3131 esse

174 3151 396 3198 proficuum.

224 3283 478 3321 'Muttl1.v,.'3u.
499 3304 537 3308 —
556 3291 566 3306 ²
583 3290 591 3317 1
610 3291 678 3318 (Zur.
699 3299 719 3320 ι,
741 3293 793 3318 iw.
818 3309 824 3311 -

175 3344 185 3367 ‘3
207 3337 346 3368 l¹÷al.1v.
369 3339 397 3366 7.
415 3357 435 3359 --
471 3338 483 3358 δ’
501 3342 590 3370 Joau.
610 3352 691 3373 xvii.
714 3347 740 3371 ξς,

876 3290 888 3311 J
906 3292 996 3320 Joau.
1018 3301 1092 3321 riu.
1114 3296 1151 3319 sn]
1194 3310 1213 3312 -κ

1229 2686 1427 2730 sapientise
1451 2684 1517 2716 Dei
1527 2710 1538 2726 ,
1564 2682 1762 2716 secundum
1789 2683 2084 2729 liroest'nitiom’m
2105 2697 2226 2718 sawa-

1231 2744 1348 2776 lomcm
1383 2745 1419 2775 it!
1448 2741 1588 2775 Christo
1612 2743 1699 2775 lesu
1733 2743 1893 2775 Domitio
1921 2750 2066 2778 nostra,
2101 2746 2136 2776 in
2158 2756 2228 2790 qua

1231 2800 1601 2846 habemusfiduciam
1617 2809 1652 2835 el
1664 2813 1850 2835 accessam
1869 2804 1907 2834 ite
1923 2801 2149 2846 confidentia
2163 2815 2233 2849 pst·

1225 2861 1342 2906 fidem
1365 2865 1439 2904 lym
1467 2874 1477 2893 :
1497 2868 1533 2894 ct
1562 2868 1645 2907 post
1677 2872 1814 2908 pauca,
1849 2861 1983 2905 Hastis,
2008 2861 2152 2909 inquit,
2179 2867 2232 2897 rei

1231 2919 1486 2967 gratiastcctn
1512 2932 1634 2965 gemm
1663 2922 1715 2954 ml
1747 2922 1897 2954 Patrem
1937 2923 2088 2955 lhvnini
2120 2927 2234 2957 nostri

1231 2982 1318 3014 lma
1350 2979 1503 3022 sltristi,
1536 2992 1585 3014 ent·
1605 2993 1676 3026 quo
1704 2984 1826 3014 onmis
1850 2984 2058 3027 paternitas
2085 2985 2122 3014 iit
2143 2983 2234 3015 ca’lo

1232 3048 1264 3073 ct
1284 3043 1321 3073 1'11
1340 3048 1436 3073 terra
1453 3042 1676 3081 nominatur,
1695 3048 1732 3074 ut
1748 3041 1808 3074 (let
1829 3038 1928 3074 nobis
1949 3042 2148 3074 secuudum
2171 3042 2232 3075 di-

1233 3103 1333 3132 viam
1357 3101 1489 3145 gloriw
1504 3111 1582 3133 saw
1602 3102 1777 3134 virtutem
1797 3099 2046 3138 corroborari.
2059 3113 2131 3147 pm·
2149 3102 2187 3148 Sl
2204 3105 2233 3134 i-

1234 3161 1340 3191 ritum
1359 3158 1434 3200 ‹jas
1457 3162 1493 3190 in
1517 3162 1682 3192 interiori
1701 3158 1848 3192 lwmim·
1865 3158 2033 3193 habitan
2055 3160 2232 3193 (Vn-tamn

1253 3299 1257 3315 ¹
1277 3295 1284 3321 l
1304 3294 1394 3321 Jonu.
1414 3303 1434 3321 ι.
1456 3296 1462 3320 1
1558 3290 1568 3312 5
1591 3291 1699 3321 saw-bi
1722 3303 1742 3322 ι.
1767 3295 1800 3322 1ῗ”

1889 3293 1903 3310 ‘*
1921 3294 1989 3321 lue.
2009 3302 2098 3320 xxm.
2130 3306 2161 3319 ι..
2196 3312 2225 3313 j
