<?xml version="1.0" encoding="UTF-8"?>
<!DOCTYPE html PUBLIC "-//W3C//DTD XHTML 1.0 Transitional//EN"
    "http://www.w3.org/TR/xhtml1/DTD/xhtml1-transitional.dtd">
<html xmlns="http://www.w3.org/1999/xhtml" xml:lang="en" lang="en">
 <head>
  <title>
</title>
<meta http-equiv="Content-Type" content="text/html;charset=utf-8" />
  <meta name='ocr-system' content='tesseract 3.04.00' />
  <meta name='ocr-capabilities' content='ocr_page ocr_carea ocr_par ocr_line ocrx_word'/>
</head>
<body>
  <div class='ocr_page' id='page_1' title='image "./operaomniapostho05bern_0433.png"; bbox 0 0 2418 3949; ppageno 0'>
   <div class='ocr_carea' id='block_1_1' title="bbox 187 187 2229 232">
    <p class='ocr_par' dir='ltr' id='par_1_1' title="bbox 187 187 2229 232">
     <span class='ocr_line' id='line_1_1' title="bbox 187 187 2229 232; baseline 0.004 -8"><span class='ocrx_word' id='word_1_1' title='bbox 187 187 260 225; x_wconf 84' lang='lat'><strong>853</strong></span> <span class='ocrx_word' id='word_1_2' title='bbox 860 190 1145 227; x_wconf 84' lang='lat' dir='ltr'>TRACTATUS</span> <span class='ocrx_word' id='word_1_3' title='bbox 1175 191 1240 226; x_wconf 91' lang='lat' dir='ltr'><strong>DE</strong></span> <span class='ocrx_word' id='word_1_4' title='bbox 1268 192 1558 228; x_wconf 87' lang='lat' dir='ltr'><strong>CHARITATE.</strong></span> <span class='ocrx_word' id='word_1_5' title='bbox 2154 195 2229 232; x_wconf 83' lang='lat'><strong>854</strong></span> 
     </span>
    </p>
   </div>
   <div class='ocr_carea' id='block_1_2' title="bbox 184 264 2235 379">
    <p class='ocr_par' dir='ltr' id='par_1_2' title="bbox 184 264 2235 379">
     <span class='ocr_line' id='line_1_2' title="bbox 185 264 2235 318; baseline 0.003 -17"><span class='ocrx_word' id='word_1_6' title='bbox 185 264 355 302; x_wconf 85' lang='lat' dir='ltr'><strong>sentibus</strong></span> <span class='ocrx_word' id='word_1_7' title='bbox 372 278 502 315; x_wconf 84' lang='lat' dir='ltr'><strong>poenas</strong></span> <span class='ocrx_word' id='word_1_8' title='bbox 525 265 752 316; x_wconf 83' lang='lat' dir='ltr'><strong>gehennales</strong></span> <span class='ocrx_word' id='word_1_9' title='bbox 769 267 1019 303; x_wconf 78' lang='lat' dir='ltr'><strong>accumulant.</strong></span> <span class='ocrx_word' id='word_1_10' title='bbox 1046 266 1171 303; x_wconf 87' lang='lat' dir='ltr'><strong>Sancti</strong></span> <span class='ocrx_word' id='word_1_11' title='bbox 1183 266 1226 284; x_wconf 82' lang='lat'><strong>⁴²¹</strong></span> <span class='ocrx_word' id='word_1_12' title='bbox 1243 266 1332 303; x_wconf 88' lang='lat' dir='ltr'><strong>dum</strong></span> <span class='ocrx_word' id='word_1_13' title='bbox 1354 281 1396 304; x_wconf 88' lang='lat' dir='ltr'><strong>ea</strong></span> <span class='ocrx_word' id='word_1_14' title='bbox 1411 281 1614 318; x_wconf 79' lang='lat' dir='ltr'><strong>operemur</strong></span> <span class='ocrx_word' id='word_1_15' title='bbox 1627 298 1637 314; x_wconf 90' lang='lat'>‚</span> <span class='ocrx_word' id='word_1_16' title='bbox 1655 270 1686 306; x_wconf 87' lang='lat' dir='ltr'><strong>si</strong></span> <span class='ocrx_word' id='word_1_17' title='bbox 1702 271 1740 306; x_wconf 92' lang='lat' dir='ltr'><strong>in</strong></span> <span class='ocrx_word' id='word_1_18' title='bbox 1761 283 1893 307; x_wconf 90' lang='lat' dir='ltr'><strong>eorum</strong></span> <span class='ocrx_word' id='word_1_19' title='bbox 1913 270 2095 307; x_wconf 83' lang='lat' dir='ltr'><strong>exercitio</strong></span> <span class='ocrx_word' id='word_1_20' title='bbox 2109 283 2235 308; x_wconf 86' lang='lat' dir='ltr'><strong>verse-</strong></span> 
     </span>
     <span class='ocr_line' id='line_1_3' title="bbox 184 325 2234 379; baseline 0.002 -18"><span class='ocrx_word' id='word_1_21' title='bbox 184 338 276 362; x_wconf 88' lang='lat' dir='ltr'><strong>vero</strong></span> <span class='ocrx_word' id='word_1_22' title='bbox 307 325 462 362; x_wconf 85' lang='lat' dir='ltr'><strong>Domini</strong></span> <span class='ocrx_word' id='word_1_23' title='bbox 487 325 586 362; x_wconf 90' lang='lat' dir='ltr'><strong>inter</strong></span> <span class='ocrx_word' id='word_1_24' title='bbox 615 325 778 376; x_wconf 80' lang='lat' dir='ltr'><strong>flagella,</strong></span> <span class='ocrx_word' id='word_1_25' title='bbox 812 333 850 361; x_wconf 92' lang='lat' dir='ltr'><strong>et</strong></span> <span class='ocrx_word' id='word_1_26' title='bbox 879 325 1024 375; x_wconf 83' lang='lat' dir='ltr'><strong>flagella</strong></span> <span class='ocrx_word' id='word_1_27' title='bbox 1058 325 1174 375; x_wconf 87' lang='lat' dir='ltr'><strong>ipsius</strong></span> <span class='ocrx_word' id='word_1_28' title='bbox 1192 329 1221 362; x_wconf 93' lang='lat' dir='ltr'><strong>A</strong></span> <span class='ocrx_word' id='word_1_29' title='bbox 1241 339 1337 363; x_wconf 91' lang='lat' dir='ltr'><strong>mur.</strong></span> <span class='ocrx_word' id='word_1_30' title='bbox 1361 327 1471 374; x_wconf 91' lang='lat' dir='ltr'><strong>Quod</strong></span> <span class='ocrx_word' id='word_1_31' title='bbox 1489 328 1684 366; x_wconf 85' lang='lat' dir='ltr'><strong>insinuans</strong></span> <span class='ocrx_word' id='word_1_32' title='bbox 1700 329 1908 379; x_wconf 87' lang='lat' dir='ltr'><strong>propheta,</strong></span> <span class='ocrx_word' id='word_1_33' title='bbox 1928 329 2157 376; x_wconf 73' lang='lat' dir='ltr'><strong>Meditabar,</strong></span> <span class='ocrx_word' id='word_1_34' title='bbox 2177 331 2234 366; x_wconf 89' lang='lat' dir='ltr'><strong>in-</strong></span> 
     </span>
    </p>
   </div>
   <div class='ocr_carea' id='block_1_3' title="bbox 172 384 1175 1026">
    <p class='ocr_par' dir='ltr' id='par_1_3' title="bbox 172 384 1175 1026">
     <span class='ocr_line' id='line_1_4' title="bbox 184 384 1172 436; baseline -0.001 -15"><span class='ocrx_word' id='word_1_35' title='bbox 184 384 343 434; x_wconf 84' lang='lat' dir='ltr'><strong>diligunt</strong></span> <span class='ocrx_word' id='word_1_36' title='bbox 358 393 515 436; x_wconf 91' lang='lat' dir='ltr'><strong>propter</strong></span> <span class='ocrx_word' id='word_1_37' title='bbox 527 389 648 422; x_wconf 91' lang='lat' dir='ltr'><strong>Deum</strong></span> <span class='ocrx_word' id='word_1_38' title='bbox 666 400 672 421; x_wconf 92' lang='lat'>:</span> <span class='ocrx_word' id='word_1_39' title='bbox 688 385 823 434; x_wconf 80' lang='lat' dir='ltr'><strong>gratias</strong></span> <span class='ocrx_word' id='word_1_40' title='bbox 835 386 945 422; x_wconf 89' lang='lat' dir='ltr'><strong>etiam</strong></span> <span class='ocrx_word' id='word_1_41' title='bbox 963 393 1078 434; x_wconf 83' lang='lat' dir='ltr'><strong>agunt</strong></span> <span class='ocrx_word' id='word_1_42' title='bbox 1091 388 1172 422; x_wconf 87' lang='lat' dir='ltr'><strong>Deo</strong></span> 
     </span>
     <span class='ocr_line' id='line_1_5' title="bbox 184 443 1172 494; baseline 0 -14"><span class='ocrx_word' id='word_1_43' title='bbox 184 443 230 480; x_wconf 91' lang='lat' dir='ltr'><strong>de</strong></span> <span class='ocrx_word' id='word_1_44' title='bbox 245 443 398 492; x_wconf 88' lang='lat' dir='ltr'><strong>judiciis</strong></span> <span class='ocrx_word' id='word_1_45' title='bbox 414 444 514 493; x_wconf 88' lang='lat' dir='ltr'><strong>ejus,</strong></span> <span class='ocrx_word' id='word_1_46' title='bbox 531 457 569 481; x_wconf 89' lang='lat' dir='ltr'><strong>se</strong></span> <span class='ocrx_word' id='word_1_47' title='bbox 586 452 805 482; x_wconf 82' lang='lat' dir='ltr'><strong>accusantes</strong></span> <span class='ocrx_word' id='word_1_48' title='bbox 821 453 858 480; x_wconf 91' lang='lat' dir='ltr'><strong>et</strong></span> <span class='ocrx_word' id='word_1_49' title='bbox 877 458 962 481; x_wconf 92' lang='lat' dir='ltr'><strong>cum</strong></span> <span class='ocrx_word' id='word_1_50' title='bbox 987 444 1172 494; x_wconf 87' lang='lat' dir='ltr'><strong>propheta</strong></span> 
     </span>
     <span class='ocr_line' id='line_1_6' title="bbox 183 503 1171 552; baseline -0.003 -12"><span class='ocrx_word' id='word_1_51' title='bbox 183 503 370 550; x_wconf 85' lang='lat' dir='ltr'><strong>dicentes,</strong></span> <span class='ocrx_word' id='word_1_52' title='bbox 396 506 531 540; x_wconf 83' lang='lat' dir='ltr'><strong>Omnia</strong></span> <span class='ocrx_word' id='word_1_53' title='bbox 545 518 633 552; x_wconf 78' lang='lat' dir='ltr'><strong>qzcoe</strong></span> <span class='ocrx_word' id='word_1_54' title='bbox 647 504 774 551; x_wconf 77' lang='lat' dir='ltr'><strong>fecisti</strong></span> <span class='ocrx_word' id='word_1_55' title='bbox 789 504 914 550; x_wconf 74' lang='lat' dir='ltr'><strong>nobis,</strong></span> <span class='ocrx_word' id='word_1_56' title='bbox 936 507 1112 547; x_wconf 83' lang='lat' dir='ltr'><strong>Domine,</strong></span> <span class='ocrx_word' id='word_1_57' title='bbox 1133 507 1171 538; x_wconf 83' lang='lat' dir='ltr'><strong>in</strong></span> 
     </span>
     <span class='ocr_line' id='line_1_7' title="bbox 182 562 1175 612; baseline -0.002 -13"><span class='ocrx_word' id='word_1_58' title='bbox 182 577 271 599; x_wconf 85' lang='lat' dir='ltr'><strong>vero</strong></span> <span class='ocrx_word' id='word_1_59' title='bbox 287 566 432 610; x_wconf 80' lang='lat' dir='ltr'><strong>judicio</strong></span> <span class='ocrx_word' id='word_1_60' title='bbox 447 562 593 611; x_wconf 79' lang='lat' dir='ltr'><strong>fecisti,</strong></span> <span class='ocrx_word' id='word_1_61' title='bbox 619 567 708 612; x_wconf 81' lang='lat' dir='ltr'><strong>qaia</strong></span> <span class='ocrx_word' id='word_1_62' title='bbox 731 568 966 611; x_wconf 79' lang='lat' dir='ltr'><strong>peccavimus</strong></span> <span class='ocrx_word' id='word_1_63' title='bbox 992 562 1083 606; x_wconf 76' lang='lat' dir='ltr'><strong>tibi;</strong></span> <span class='ocrx_word' id='word_1_64' title='bbox 1105 563 1175 598; x_wconf 85' lang='lat' dir='ltr'><strong>sed</strong></span> 
     </span>
     <span class='ocr_line' id='line_1_8' title="bbox 182 620 1170 672; baseline -0.002 -14"><span class='ocrx_word' id='word_1_65' title='bbox 182 625 232 658; x_wconf 85' lang='lat' dir='ltr'><strong>da</strong></span> <span class='ocrx_word' id='word_1_66' title='bbox 251 625 411 672; x_wconf 78' lang='lat' dir='ltr'><strong>gloriam</strong></span> <span class='ocrx_word' id='word_1_67' title='bbox 430 627 574 658; x_wconf 75' lang='lat' dir='ltr'><strong>nomini</strong></span> <span class='ocrx_word' id='word_1_68' title='bbox 595 631 654 658; x_wconf 82' lang='lat' dir='ltr'><strong>tao</strong></span> <span class='ocrx_word' id='word_1_69' title='bbox 669 628 694 658; x_wconf 90' lang='lat'><strong>¹.</strong></span> <span class='ocrx_word' id='word_1_70' title='bbox 716 621 866 658; x_wconf 84' lang='lat' dir='ltr'><strong>Talibus</strong></span> <span class='ocrx_word' id='word_1_71' title='bbox 884 621 1060 658; x_wconf 85' lang='lat' dir='ltr'><strong>convenit</strong></span> <span class='ocrx_word' id='word_1_72' title='bbox 1077 620 1170 657; x_wconf 91' lang='lat' dir='ltr'><strong>illud</strong></span> 
     </span>
     <span class='ocr_line' id='line_1_9' title="bbox 181 681 1173 731; baseline -0.004 -13"><span class='ocrx_word' id='word_1_73' title='bbox 181 681 442 731; x_wconf 89' lang='lat' dir='ltr'><strong>propheticum</strong></span> <span class='ocrx_word' id='word_1_74' title='bbox 464 697 472 718; x_wconf 74' lang='grc' dir='ltr'><strong>ε</strong></span> <span class='ocrx_word' id='word_1_75' title='bbox 490 684 779 718; x_wconf 69' lang='lat' dir='ltr'><strong>Exsultavermn</strong></span> <span class='ocrx_word' id='word_1_76' title='bbox 788 682 871 728; x_wconf 82' lang='lat' dir='ltr'><strong>filii</strong></span> <span class='ocrx_word' id='word_1_77' title='bbox 890 681 1003 716; x_wconf 82' lang='lat' dir='ltr'><strong>Judoe</strong></span> <span class='ocrx_word' id='word_1_78' title='bbox 1018 688 1173 728; x_wconf 81' lang='lat' dir='ltr'><strong>propter</strong></span> 
     </span>
     <span class='ocr_line' id='line_1_10' title="bbox 172 736 1172 788; baseline -0.002 -12"><span class='ocrx_word' id='word_1_79' title='bbox 172 743 326 787; x_wconf 84' lang='lat' dir='ltr'><strong>judicia</strong></span> <span class='ocrx_word' id='word_1_80' title='bbox 348 750 431 786; x_wconf 80' lang='lat' dir='ltr'><strong>tua,</strong></span> <span class='ocrx_word' id='word_1_81' title='bbox 453 742 648 776; x_wconf 78' lang='lat' dir='ltr'><strong>Domine2.</strong></span> <span class='ocrx_word' id='word_1_82' title='bbox 674 743 768 777; x_wconf 91' lang='lat' dir='ltr'><strong>Sunt</strong></span> <span class='ocrx_word' id='word_1_83' title='bbox 787 739 852 788; x_wconf 92' lang='lat' dir='ltr'><strong>qui</strong></span> <span class='ocrx_word' id='word_1_84' title='bbox 874 752 950 775; x_wconf 91' lang='lat' dir='ltr'><strong>non</strong></span> <span class='ocrx_word' id='word_1_85' title='bbox 976 739 1095 775; x_wconf 89' lang='lat' dir='ltr'><strong>solum</strong></span> <span class='ocrx_word' id='word_1_86' title='bbox 1110 736 1172 786; x_wconf 88' lang='lat' dir='ltr'><strong>ju-</strong></span> 
     </span>
     <span class='ocr_line' id='line_1_11' title="bbox 181 797 1169 849; baseline -0.002 -13"><span class='ocrx_word' id='word_1_87' title='bbox 181 799 276 836; x_wconf 87' lang='lat' dir='ltr'><strong>dicia</strong></span> <span class='ocrx_word' id='word_1_88' title='bbox 291 800 361 836; x_wconf 91' lang='lat' dir='ltr'><strong>Dei</strong></span> <span class='ocrx_word' id='word_1_89' title='bbox 383 799 569 836; x_wconf 89' lang='lat' dir='ltr'><strong>sustinent</strong></span> <span class='ocrx_word' id='word_1_90' title='bbox 590 799 800 849; x_wconf 84' lang='lat' dir='ltr'><strong>patienter,</strong></span> <span class='ocrx_word' id='word_1_91' title='bbox 823 798 887 835; x_wconf 91' lang='lat' dir='ltr'><strong>sed</strong></span> <span class='ocrx_word' id='word_1_92' title='bbox 906 798 978 848; x_wconf 92' lang='lat' dir='ltr'><strong>ipsi</strong></span> <span class='ocrx_word' id='word_1_93' title='bbox 1005 811 1043 835; x_wconf 90' lang='lat' dir='ltr'><strong>se</strong></span> <span class='ocrx_word' id='word_1_94' title='bbox 1066 797 1169 848; x_wconf 90' lang='lat' dir='ltr'><strong>ipsos</strong></span> 
     </span>
     <span class='ocr_line' id='line_1_12' title="bbox 174 856 1169 906; baseline 0 -13"><span class='ocrx_word' id='word_1_95' title='bbox 174 856 366 905; x_wconf 85' lang='lat' dir='ltr'><strong>judicant,</strong></span> <span class='ocrx_word' id='word_1_96' title='bbox 384 866 421 894; x_wconf 89' lang='lat' dir='ltr'><strong>et</strong></span> <span class='ocrx_word' id='word_1_97' title='bbox 434 871 586 894; x_wconf 85' lang='lat' dir='ltr'><strong>manum</strong></span> <span class='ocrx_word' id='word_1_98' title='bbox 603 856 787 906; x_wconf 86' lang='lat' dir='ltr'><strong>adjuvant</strong></span> <span class='ocrx_word' id='word_1_99' title='bbox 800 858 1020 906; x_wconf 83' lang='lat' dir='ltr'><strong>flagellantis</strong></span> <span class='ocrx_word' id='word_1_100' title='bbox 1037 871 1044 894; x_wconf 91' lang='lat'>:</span> <span class='ocrx_word' id='word_1_101' title='bbox 1063 870 1169 895; x_wconf 83' lang='lat' dir='ltr'><strong>accu-</strong></span> 
     </span>
     <span class='ocr_line' id='line_1_13' title="bbox 177 916 1169 967; baseline 0.001 -15"><span class='ocrx_word' id='word_1_102' title='bbox 177 925 261 953; x_wconf 89' lang='lat' dir='ltr'><strong>sant</strong></span> <span class='ocrx_word' id='word_1_103' title='bbox 282 930 340 963; x_wconf 88' lang='lat' dir='ltr'><strong>se,</strong></span> <span class='ocrx_word' id='word_1_104' title='bbox 365 918 610 953; x_wconf 86' lang='lat' dir='ltr'><strong>testificantur</strong></span> <span class='ocrx_word' id='word_1_105' title='bbox 636 925 766 953; x_wconf 85' lang='lat' dir='ltr'><strong>contra</strong></span> <span class='ocrx_word' id='word_1_106' title='bbox 789 930 851 963; x_wconf 86' lang='lat' dir='ltr'><strong>se,</strong></span> <span class='ocrx_word' id='word_1_107' title='bbox 874 930 912 954; x_wconf 91' lang='lat' dir='ltr'><strong>se</strong></span> <span class='ocrx_word' id='word_1_108' title='bbox 940 918 1042 967; x_wconf 90' lang='lat' dir='ltr'><strong>ipsos</strong></span> <span class='ocrx_word' id='word_1_109' title='bbox 1062 916 1169 966; x_wconf 86' lang='lat' dir='ltr'><strong>judi-</strong></span> 
     </span>
     <span class='ocr_line' id='line_1_14' title="bbox 177 976 1112 1026; baseline 0.001 -15"><span class='ocrx_word' id='word_1_110' title='bbox 177 984 282 1023; x_wconf 89' lang='lat' dir='ltr'><strong>cant,</strong></span> <span class='ocrx_word' id='word_1_111' title='bbox 300 985 338 1013; x_wconf 91' lang='lat' dir='ltr'><strong>et</strong></span> <span class='ocrx_word' id='word_1_112' title='bbox 356 977 520 1026; x_wconf 78' lang='lat' dir='ltr'><strong>propriae</strong></span> <span class='ocrx_word' id='word_1_113' title='bbox 544 984 632 1013; x_wconf 90' lang='lat' dir='ltr'><strong>sunt</strong></span> <span class='ocrx_word' id='word_1_114' title='bbox 652 984 891 1012; x_wconf 86' lang='lat' dir='ltr'><strong>exsecutores</strong></span> <span class='ocrx_word' id='word_1_115' title='bbox 907 976 1112 1012; x_wconf 87' lang='lat' dir='ltr'><strong>sententiae.</strong></span> 
     </span>
    </p>
   </div>
   <div class='ocr_carea' id='block_1_4' title="bbox 1230 385 2231 1028">
    <p class='ocr_par' dir='ltr' id='par_1_4' title="bbox 1230 385 2231 1028">
     <span class='ocr_line' id='line_1_15' title="bbox 1238 385 2231 436; baseline 0.006 -17"><span class='ocrx_word' id='word_1_116' title='bbox 1238 385 1319 433; x_wconf 90' lang='lat' dir='ltr'><strong>quit</strong></span> <span class='ocrx_word' id='word_1_117' title='bbox 1333 413 1342 431; x_wconf 95' lang='lat'><strong>,</strong></span> <span class='ocrx_word' id='word_1_118' title='bbox 1355 390 1392 420; x_wconf 81' lang='lat' dir='ltr'><strong>in</strong></span> <span class='ocrx_word' id='word_1_119' title='bbox 1408 389 1590 422; x_wconf 78' lang='lat' dir='ltr'><strong>mandatis</strong></span> <span class='ocrx_word' id='word_1_120' title='bbox 1604 392 1692 433; x_wconf 79' lang='lat' dir='ltr'><strong>tuis,</strong></span> <span class='ocrx_word' id='word_1_121' title='bbox 1713 402 1799 436; x_wconf 58' lang='grc' dir='ltr'><strong>(μαι)</strong></span> <span class='ocrx_word' id='word_1_122' title='bbox 1814 391 1940 425; x_wconf 61' lang='lat' dir='ltr'><strong>(lilexi.</strong></span> <span class='ocrx_word' id='word_1_123' title='bbox 1959 392 2052 426; x_wconf 85' lang='lat' dir='ltr'><strong>Ecce</strong></span> <span class='ocrx_word' id='word_1_124' title='bbox 2072 389 2231 425; x_wconf 82' lang='lat' dir='ltr'><strong>sollicita</strong></span> 
     </span>
     <span class='ocr_line' id='line_1_16' title="bbox 1238 444 2230 484; baseline 0.005 -5"><span class='ocrx_word' id='word_1_125' title='bbox 1238 444 1444 481; x_wconf 83' lang='lat' dir='ltr'><strong>meditatio.</strong></span> <span class='ocrx_word' id='word_1_126' title='bbox 1476 448 1525 480; x_wconf 78' lang='lat' dir='ltr'><strong>Ec</strong></span> <span class='ocrx_word' id='word_1_127' title='bbox 1549 449 1660 482; x_wconf 73' lang='lat' dir='ltr'><strong>levavi</strong></span> <span class='ocrx_word' id='word_1_128' title='bbox 1687 461 1816 482; x_wconf 79' lang='lat' dir='ltr'><strong>manus</strong></span> <span class='ocrx_word' id='word_1_129' title='bbox 1843 461 1946 483; x_wconf 80' lang='lat' dir='ltr'><strong>meas</strong></span> <span class='ocrx_word' id='word_1_130' title='bbox 1973 450 2026 483; x_wconf 75' lang='lat' dir='ltr'><strong>acl</strong></span> <span class='ocrx_word' id='word_1_131' title='bbox 2048 450 2230 484; x_wconf 69' lang='lat' dir='ltr'><strong>mutulam</strong></span> 
     </span>
     <span class='ocr_line' id='line_1_17' title="bbox 1237 506 2227 556; baseline 0.006 -19"><span class='ocrx_word' id='word_1_132' title='bbox 1237 512 1320 546; x_wconf 76' lang='lat' dir='ltr'><strong>tua,</strong></span> <span class='ocrx_word' id='word_1_133' title='bbox 1343 518 1430 551; x_wconf 74' lang='lat' dir='ltr'><strong>qzcoe</strong></span> <span class='ocrx_word' id='word_1_134' title='bbox 1449 507 1582 541; x_wconf 78' lang='lat' dir='ltr'><strong>(lilexi.</strong></span> <span class='ocrx_word' id='word_1_135' title='bbox 1601 509 1695 542; x_wconf 84' lang='lat' dir='ltr'><strong>Ecce</strong></span> <span class='ocrx_word' id='word_1_136' title='bbox 1709 506 1867 556; x_wconf 77' lang='lat' dir='ltr'><strong>diligens</strong></span> <span class='ocrx_word' id='word_1_137' title='bbox 1883 507 2067 556; x_wconf 87' lang='lat' dir='ltr'><strong>operatio.</strong></span> <span class='ocrx_word' id='word_1_138' title='bbox 2091 510 2143 543; x_wconf 84' lang='lat' dir='ltr'><strong>Ec</strong></span> <span class='ocrx_word' id='word_1_139' title='bbox 2156 521 2227 543; x_wconf 72' lang='lat' dir='ltr'><strong>ex-</strong></span> 
     </span>
     <span class='ocr_line' id='line_1_18' title="bbox 1235 562 2229 615; baseline 0.006 -18"><span class='ocrx_word' id='word_1_140' title='bbox 1235 562 1383 598; x_wconf 83' lang='lat' dir='ltr'><strong>ercebor</strong></span> <span class='ocrx_word' id='word_1_141' title='bbox 1397 568 1432 599; x_wconf 82' lang='lat' dir='ltr'><strong>in</strong></span> <span class='ocrx_word' id='word_1_142' title='bbox 1442 565 1767 612; x_wconf 57' lang='lat' dir='ltr'><strong>justificationibus</strong></span> <span class='ocrx_word' id='word_1_143' title='bbox 1783 570 1892 602; x_wconf 68' lang='lat' dir='ltr'><strong>miso.</strong></span> <span class='ocrx_word' id='word_1_144' title='bbox 1913 565 2229 615; x_wconf 81' lang='lat' dir='ltr'><strong>Eccejustificans</strong></span> 
     </span>
     <span class='ocr_line' id='line_1_19' title="bbox 1234 623 2229 675; baseline 0.006 -18"><span class='ocrx_word' id='word_1_145' title='bbox 1234 623 1462 660; x_wconf 87' lang='lat' dir='ltr'><strong>exercitatio.</strong></span> <span class='ocrx_word' id='word_1_146' title='bbox 1487 627 1542 660; x_wconf 85' lang='lat' dir='ltr'><strong>De</strong></span> <span class='ocrx_word' id='word_1_147' title='bbox 1559 624 1804 661; x_wconf 85' lang='lat' dir='ltr'><strong>meditatione</strong></span> <span class='ocrx_word' id='word_1_148' title='bbox 1821 626 2002 675; x_wconf 87' lang='lat' dir='ltr'><strong>scriptum</strong></span> <span class='ocrx_word' id='word_1_149' title='bbox 2025 635 2108 664; x_wconf 88' lang='lat' dir='ltr'><strong>cst:</strong></span> <span class='ocrx_word' id='word_1_150' title='bbox 2132 628 2229 673; x_wconf 81' lang='lat' dir='ltr'><strong>Quoe</strong></span> 
     </span>
     <span class='ocr_line' id='line_1_20' title="bbox 1230 682 2227 736; baseline 0.008 -21"><span class='ocrx_word' id='word_1_151' title='bbox 1230 687 1412 730; x_wconf 73' lang='lat' dir='ltr'><strong>prcecepit</strong></span> <span class='ocrx_word' id='word_1_152' title='bbox 1428 685 1528 718; x_wconf 80' lang='lat' dir='ltr'><strong>Deus</strong></span> <span class='ocrx_word' id='word_1_153' title='bbox 1549 682 1614 718; x_wconf 85' lang='lat' dir='ltr'><strong>tibi</strong></span> <span class='ocrx_word' id='word_1_154' title='bbox 1622 712 1633 728; x_wconf 91' lang='lat'><strong>,</strong></span> <span class='ocrx_word' id='word_1_155' title='bbox 1652 684 1734 718; x_wconf 71' lang='lat' dir='ltr'><strong>leoec</strong></span> <span class='ocrx_word' id='word_1_156' title='bbox 1750 689 1867 732; x_wconf 81' lang='lat' dir='ltr'><strong>cogita</strong></span> <span class='ocrx_word' id='word_1_157' title='bbox 1890 699 2036 734; x_wconf 79' lang='lat' dir='ltr'><strong>semper</strong></span> <span class='ocrx_word' id='word_1_158' title='bbox 2048 692 2089 721; x_wconf 90' lang='lat'><strong>¹⁰.</strong></span> <span class='ocrx_word' id='word_1_159' title='bbox 2115 687 2227 736; x_wconf 86' lang='lat' dir='ltr'><strong>Cogi—</strong></span> 
     </span>
     <span class='ocr_line' id='line_1_21' title="bbox 1235 740 2224 793; baseline 0.006 -17"><span class='ocrx_word' id='word_1_160' title='bbox 1235 748 1363 777; x_wconf 88' lang='lat' dir='ltr'><strong>tentur</strong></span> <span class='ocrx_word' id='word_1_161' title='bbox 1390 740 1575 790; x_wconf 89' lang='lat' dir='ltr'><strong>siquidem</strong></span> <span class='ocrx_word' id='word_1_162' title='bbox 1604 742 1778 778; x_wconf 83' lang='lat' dir='ltr'><strong>mandata</strong></span> <span class='ocrx_word' id='word_1_163' title='bbox 1812 743 1898 789; x_wconf 91' lang='lat' dir='ltr'><strong>Dei,</strong></span> <span class='ocrx_word' id='word_1_164' title='bbox 1929 757 2042 793; x_wconf 88' lang='lat' dir='ltr'><strong>quam</strong></span> <span class='ocrx_word' id='word_1_165' title='bbox 2075 754 2224 791; x_wconf 87' lang='lat' dir='ltr'><strong>sancta,</strong></span> 
     </span>
     <span class='ocr_line' id='line_1_22' title="bbox 1234 799 2227 852; baseline 0.005 -17"><span class='ocrx_word' id='word_1_166' title='bbox 1234 812 1347 848; x_wconf 88' lang='lat' dir='ltr'><strong>quam</strong></span> <span class='ocrx_word' id='word_1_167' title='bbox 1364 799 1523 836; x_wconf 90' lang='lat' dir='ltr'><strong>honesta</strong></span> <span class='ocrx_word' id='word_1_168' title='bbox 1543 800 1637 845; x_wconf 91' lang='lat' dir='ltr'><strong>sint,</strong></span> <span class='ocrx_word' id='word_1_169' title='bbox 1655 814 1766 850; x_wconf 87' lang='lat' dir='ltr'><strong>quam</strong></span> <span class='ocrx_word' id='word_1_170' title='bbox 1787 801 1929 848; x_wconf 89' lang='lat' dir='ltr'><strong>dulcia,</strong></span> <span class='ocrx_word' id='word_1_171' title='bbox 1946 811 1983 839; x_wconf 88' lang='lat' dir='ltr'><strong>et</strong></span> <span class='ocrx_word' id='word_1_172' title='bbox 1999 816 2111 852; x_wconf 84' lang='lat' dir='ltr'><strong>quam</strong></span> <span class='ocrx_word' id='word_1_173' title='bbox 2128 805 2227 840; x_wconf 88' lang='lat' dir='ltr'><strong>salu-</strong></span> 
     </span>
     <span class='ocr_line' id='line_1_23' title="bbox 1233 856 2226 909; baseline 0.005 -15"><span class='ocrx_word' id='word_1_174' title='bbox 1233 856 1328 905; x_wconf 88' lang='lat' dir='ltr'><strong>bria,</strong></span> <span class='ocrx_word' id='word_1_175' title='bbox 1344 871 1456 908; x_wconf 90' lang='lat' dir='ltr'><strong>quam</strong></span> <span class='ocrx_word' id='word_1_176' title='bbox 1473 858 1641 908; x_wconf 88' lang='lat' dir='ltr'><strong>jucunda</strong></span> <span class='ocrx_word' id='word_1_177' title='bbox 1654 888 1664 905; x_wconf 91' lang='lat'><strong>,</strong></span> <span class='ocrx_word' id='word_1_178' title='bbox 1680 873 1793 909; x_wconf 88' lang='lat' dir='ltr'><strong>quam</strong></span> <span class='ocrx_word' id='word_1_179' title='bbox 1811 861 1954 908; x_wconf 81' lang='lat' dir='ltr'><strong>fidelia,</strong></span> <span class='ocrx_word' id='word_1_180' title='bbox 1972 870 2008 897; x_wconf 89' lang='lat' dir='ltr'><strong>et</strong></span> <span class='ocrx_word' id='word_1_181' title='bbox 2029 862 2226 899; x_wconf 82' lang='lat' dir='ltr'><strong>confirma-</strong></span> 
     </span>
     <span class='ocr_line' id='line_1_24' title="bbox 1235 918 2225 958; baseline 0.004 -5"><span class='ocrx_word' id='word_1_182' title='bbox 1235 925 1270 954; x_wconf 88' lang='lat' dir='ltr'><strong>ta</strong></span> <span class='ocrx_word' id='word_1_183' title='bbox 1292 918 1330 953; x_wconf 92' lang='lat' dir='ltr'><strong>in</strong></span> <span class='ocrx_word' id='word_1_184' title='bbox 1351 919 1528 954; x_wconf 75' lang='lat' dir='ltr'><strong>saeculum</strong></span> <span class='ocrx_word' id='word_1_185' title='bbox 1550 919 1728 955; x_wconf 81' lang='lat' dir='ltr'><strong>saeculi¹¹.</strong></span> <span class='ocrx_word' id='word_1_186' title='bbox 1748 923 1792 956; x_wconf 92' lang='lat' dir='ltr'><strong>In</strong></span> <span class='ocrx_word' id='word_1_187' title='bbox 1813 920 2024 957; x_wconf 76' lang='lat' dir='ltr'><strong>elevatione</strong></span> <span class='ocrx_word' id='word_1_188' title='bbox 2043 934 2225 958; x_wconf 87' lang='lat' dir='ltr'><strong>manuum</strong></span> 
     </span>
     <span class='ocr_line' id='line_1_25' title="bbox 1233 977 2226 1028; baseline 0.004 -16"><span class='ocrx_word' id='word_1_189' title='bbox 1233 985 1359 1013; x_wconf 85' lang='lat' dir='ltr'><strong>sancta</strong></span> <span class='ocrx_word' id='word_1_190' title='bbox 1386 977 1555 1026; x_wconf 88' lang='lat' dir='ltr'><strong>operatio</strong></span> <span class='ocrx_word' id='word_1_191' title='bbox 1582 977 1816 1027; x_wconf 77' lang='lat' dir='ltr'><strong>designatur,</strong></span> <span class='ocrx_word' id='word_1_192' title='bbox 1838 979 1898 1016; x_wconf 90' lang='lat' dir='ltr'><strong>cui</strong></span> <span class='ocrx_word' id='word_1_193' title='bbox 1916 979 2041 1028; x_wconf 88' lang='lat' dir='ltr'><strong>justus</strong></span> <span class='ocrx_word' id='word_1_194' title='bbox 2066 979 2226 1016; x_wconf 89' lang='lat' dir='ltr'><strong>libenter</strong></span> 
     </span>
    </p>
   </div>
   <div class='ocr_carea' id='block_1_5' title="bbox 230 1034 2226 1087">
    <p class='ocr_par' dir='ltr' id='par_1_5' title="bbox 230 1034 2226 1087">
     <span class='ocr_line' id='line_1_26' title="bbox 230 1034 2226 1087; baseline 0.002 -16"><span class='ocrx_word' id='word_1_195' title='bbox 230 1035 292 1072; x_wconf 89' lang='lat'><strong>91.</strong></span> <span class='ocrx_word' id='word_1_196' title='bbox 310 1035 498 1072; x_wconf 90' lang='lat' dir='ltr'><strong>Judicium</strong></span> <span class='ocrx_word' id='word_1_197' title='bbox 520 1034 589 1072; x_wconf 91' lang='lat' dir='ltr'><strong>Dei</strong></span> <span class='ocrx_word' id='word_1_198' title='bbox 609 1043 790 1084; x_wconf 88' lang='lat' dir='ltr'><strong>operatur</strong></span> <span class='ocrx_word' id='word_1_199' title='bbox 810 1035 1034 1084; x_wconf 85' lang='lat' dir='ltr'><strong>patientiam</strong></span> <span class='ocrx_word' id='word_1_200' title='bbox 1059 1035 1097 1071; x_wconf 91' lang='lat' dir='ltr'><strong>in</strong></span> <span class='ocrx_word' id='word_1_201' title='bbox 1117 1035 1169 1071; x_wconf 87' lang='lat' dir='ltr'><strong>af·</strong></span> <span class='ocrx_word' id='word_1_202' title='bbox 1187 1037 1215 1071; x_wconf 95' lang='lat' dir='ltr'>B</span> <span class='ocrx_word' id='word_1_203' title='bbox 1234 1035 1383 1073; x_wconf 87' lang='lat' dir='ltr'><strong>insistit.</strong></span> <span class='ocrx_word' id='word_1_204' title='bbox 1401 1039 1534 1073; x_wconf 84' lang='lat' dir='ltr'><strong>Certus</strong></span> <span class='ocrx_word' id='word_1_205' title='bbox 1554 1045 1610 1073; x_wconf 90' lang='lat' dir='ltr'><strong>est</strong></span> <span class='ocrx_word' id='word_1_206' title='bbox 1629 1038 1729 1073; x_wconf 88' lang='lat' dir='ltr'><strong>enim</strong></span> <span class='ocrx_word' id='word_1_207' title='bbox 1746 1038 1847 1087; x_wconf 92' lang='lat' dir='ltr'><strong>quod</strong></span> <span class='ocrx_word' id='word_1_208' title='bbox 1869 1039 2012 1075; x_wconf 85' lang='lat' dir='ltr'><strong>meritis</strong></span> <span class='ocrx_word' id='word_1_209' title='bbox 2027 1038 2104 1087; x_wconf 88' lang='lat' dir='ltr'><strong>ejus</strong></span> <span class='ocrx_word' id='word_1_210' title='bbox 2117 1048 2226 1076; x_wconf 85' lang='lat' dir='ltr'><strong>aeter-</strong></span> 
     </span>
    </p>
   </div>
   <div class='ocr_carea' id='block_1_6' title="bbox 169 1093 1166 1795">
    <p class='ocr_par' dir='ltr' id='par_1_6' title="bbox 169 1093 1166 1795">
     <span class='ocr_line' id='line_1_27' title="bbox 178 1093 1160 1144; baseline 0.001 -15"><span class='ocrx_word' id='word_1_211' title='bbox 178 1093 298 1131; x_wconf 89' lang='lat' dir='ltr'><strong>flictis.</strong></span> <span class='ocrx_word' id='word_1_212' title='bbox 337 1094 546 1133; x_wconf 86' lang='lat' dir='ltr'><strong>Tribulatio</strong></span> <span class='ocrx_word' id='word_1_213' title='bbox 576 1095 677 1131; x_wconf 92' lang='lat' dir='ltr'><strong>enim</strong></span> <span class='ocrx_word' id='word_1_214' title='bbox 705 1094 924 1144; x_wconf 89' lang='lat' dir='ltr'><strong>patientiam</strong></span> <span class='ocrx_word' id='word_1_215' title='bbox 955 1102 1160 1144; x_wconf 86' lang='lat' dir='ltr'><strong>operatur,</strong></span> 
     </span>
     <span class='ocr_line' id='line_1_28' title="bbox 175 1152 1162 1204; baseline -0.001 -15"><span class='ocrx_word' id='word_1_216' title='bbox 175 1153 355 1202; x_wconf 88' lang='lat' dir='ltr'><strong>patientia</strong></span> <span class='ocrx_word' id='word_1_217' title='bbox 388 1153 649 1204; x_wconf 87' lang='lat' dir='ltr'><strong>probationem</strong></span> <span class='ocrx_word' id='word_1_218' title='bbox 663 1181 674 1200; x_wconf 93' lang='lat'><strong>,</strong></span> <span class='ocrx_word' id='word_1_219' title='bbox 707 1152 884 1202; x_wconf 88' lang='lat' dir='ltr'><strong>probatio</strong></span> <span class='ocrx_word' id='word_1_220' title='bbox 915 1166 1041 1202; x_wconf 90' lang='lat' dir='ltr'><strong>spem,</strong></span> <span class='ocrx_word' id='word_1_221' title='bbox 1077 1165 1162 1203; x_wconf 90' lang='lat' dir='ltr'><strong>spes</strong></span> 
     </span>
     <span class='ocr_line' id='line_1_29' title="bbox 174 1211 1163 1261; baseline 0.001 -13"><span class='ocrx_word' id='word_1_222' title='bbox 174 1220 299 1249; x_wconf 89' lang='lat' dir='ltr'><strong>autem</strong></span> <span class='ocrx_word' id='word_1_223' title='bbox 317 1226 393 1250; x_wconf 91' lang='lat' dir='ltr'><strong>non</strong></span> <span class='ocrx_word' id='word_1_224' title='bbox 415 1211 647 1250; x_wconf 80' lang='lat' dir='ltr'><strong>confundit3.</strong></span> <span class='ocrx_word' id='word_1_225' title='bbox 668 1212 829 1261; x_wconf 90' lang='lat' dir='ltr'><strong>Quando</strong></span> <span class='ocrx_word' id='word_1_226' title='bbox 844 1213 945 1248; x_wconf 92' lang='lat' dir='ltr'><strong>enim</strong></span> <span class='ocrx_word' id='word_1_227' title='bbox 966 1221 1062 1249; x_wconf 90' lang='lat' dir='ltr'><strong>esset</strong></span> <span class='ocrx_word' id='word_1_228' title='bbox 1076 1226 1163 1249; x_wconf 92' lang='lat' dir='ltr'><strong>con-</strong></span> 
     </span>
     <span class='ocr_line' id='line_1_30' title="bbox 174 1270 1162 1322; baseline 0.003 -15"><span class='ocrx_word' id='word_1_229' title='bbox 174 1270 290 1319; x_wconf 84' lang='lat' dir='ltr'><strong>fusio,</strong></span> <span class='ocrx_word' id='word_1_230' title='bbox 314 1272 378 1310; x_wconf 89' lang='lat' dir='ltr'><strong>ubi</strong></span> <span class='ocrx_word' id='word_1_231' title='bbox 404 1281 460 1310; x_wconf 84' lang='lat' dir='ltr'><strong>est</strong></span> <span class='ocrx_word' id='word_1_232' title='bbox 494 1273 596 1322; x_wconf 90' lang='lat' dir='ltr'><strong>quod</strong></span> <span class='ocrx_word' id='word_1_233' title='bbox 625 1286 777 1309; x_wconf 86' lang='lat' dir='ltr'><strong>omnem</strong></span> <span class='ocrx_word' id='word_1_234' title='bbox 807 1286 913 1322; x_wconf 88' lang='lat' dir='ltr'><strong>spem</strong></span> <span class='ocrx_word' id='word_1_235' title='bbox 940 1281 977 1310; x_wconf 90' lang='lat' dir='ltr'><strong>et</strong></span> <span class='ocrx_word' id='word_1_236' title='bbox 1008 1285 1162 1310; x_wconf 89' lang='lat' dir='ltr'><strong>omnem</strong></span> 
     </span>
     <span class='ocr_line' id='line_1_31' title="bbox 172 1330 1163 1381; baseline 0.003 -15"><span class='ocrx_word' id='word_1_237' title='bbox 172 1330 347 1370; x_wconf 83' lang='lat' dir='ltr'><strong>fiduciam</strong></span> <span class='ocrx_word' id='word_1_238' title='bbox 384 1332 640 1378; x_wconf 87' lang='lat' dir='ltr'><strong>transcendit,</strong></span> <span class='ocrx_word' id='word_1_239' title='bbox 674 1341 824 1369; x_wconf 78' lang='lat' dir='ltr'><strong>aeternae</strong></span> <span class='ocrx_word' id='word_1_240' title='bbox 861 1333 1000 1368; x_wconf 87' lang='lat' dir='ltr'><strong>scilicet</strong></span> <span class='ocrx_word' id='word_1_241' title='bbox 1035 1332 1163 1381; x_wconf 72' lang='lat' dir='ltr'><strong>gloriae</strong></span> 
     </span>
     <span class='ocr_line' id='line_1_32' title="bbox 172 1391 1164 1441; baseline -0.002 -12"><span class='ocrx_word' id='word_1_242' title='bbox 172 1392 357 1429; x_wconf 86' lang='lat' dir='ltr'><strong>certitudo</strong></span> <span class='ocrx_word' id='word_1_243' title='bbox 374 1394 389 1428; x_wconf 82' lang='lat'>?</span> <span class='ocrx_word' id='word_1_244' title='bbox 412 1391 489 1430; x_wconf 82' lang='lat' dir='ltr'><strong>Sul)</strong></span> <span class='ocrx_word' id='word_1_245' title='bbox 509 1392 578 1428; x_wconf 89' lang='lat' dir='ltr'><strong>hac</strong></span> <span class='ocrx_word' id='word_1_246' title='bbox 599 1392 881 1441; x_wconf 85' lang='lat' dir='ltr'><strong>exspectatione</strong></span> <span class='ocrx_word' id='word_1_247' title='bbox 900 1391 1086 1441; x_wconf 90' lang='lat' dir='ltr'><strong>propheta</strong></span> <span class='ocrx_word' id='word_1_248' title='bbox 1107 1391 1164 1428; x_wconf 92' lang='lat' dir='ltr'><strong>di-</strong></span> 
     </span>
     <span class='ocr_line' id='line_1_33' title="bbox 172 1451 1166 1499; baseline -0.001 -11"><span class='ocrx_word' id='word_1_249' title='bbox 172 1451 297 1497; x_wconf 82' lang='lat' dir='ltr'><strong>cebat,</strong></span> <span class='ocrx_word' id='word_1_250' title='bbox 312 1453 483 1496; x_wconf 82' lang='lat' dir='ltr'><strong>Domine,</strong></span> <span class='ocrx_word' id='word_1_251' title='bbox 503 1451 703 1496; x_wconf 78' lang='lat' dir='ltr'><strong>injmliciis</strong></span> <span class='ocrx_word' id='word_1_252' title='bbox 721 1455 790 1486; x_wconf 79' lang='lat' dir='ltr'><strong>tuis</strong></span> <span class='ocrx_word' id='word_1_253' title='bbox 806 1455 1059 1499; x_wconf 60' lang='lat' dir='ltr'><strong>supersperavi</strong></span> <span class='ocrx_word' id='word_1_254' title='bbox 1069 1451 1082 1476; x_wconf 58' lang='lat'><strong><em>4</em></strong></span> <span class='ocrx_word' id='word_1_255' title='bbox 1100 1465 1108 1486; x_wconf 75' lang='grc' dir='ltr'>ε</span> <span class='ocrx_word' id='word_1_256' title='bbox 1129 1459 1166 1487; x_wconf 86' lang='lat' dir='ltr'><strong>et</strong></span> 
     </span>
     <span class='ocr_line' id='line_1_34' title="bbox 172 1509 1165 1558; baseline -0.002 -11"><span class='ocrx_word' id='word_1_257' title='bbox 172 1510 271 1549; x_wconf 85' lang='lat' dir='ltr'><strong>idem</strong></span> <span class='ocrx_word' id='word_1_258' title='bbox 283 1539 292 1556; x_wconf 92' lang='lat'><strong>,</strong></span> <span class='ocrx_word' id='word_1_259' title='bbox 306 1511 456 1546; x_wconf 76' lang='lat' dir='ltr'><strong>Iudicia</strong></span> <span class='ocrx_word' id='word_1_260' title='bbox 470 1513 624 1546; x_wconf 79' lang='lat' dir='ltr'><strong>Domini</strong></span> <span class='ocrx_word' id='word_1_261' title='bbox 639 1523 732 1546; x_wconf 80' lang='lat' dir='ltr'><strong>vera</strong></span> <span class='ocrx_word' id='word_1_262' title='bbox 745 1537 757 1554; x_wconf 88' lang='lat'><strong>,</strong></span> <span class='ocrx_word' id='word_1_263' title='bbox 774 1509 1040 1545; x_wconf 79' lang='lat' dir='ltr'><strong>desiderabilia</strong></span> <span class='ocrx_word' id='word_1_264' title='bbox 1053 1524 1165 1558; x_wconf 75' lang='lat' dir='ltr'><strong>super</strong></span> 
     </span>
     <span class='ocr_line' id='line_1_35' title="bbox 172 1571 1166 1617; baseline 0 -13"><span class='ocrx_word' id='word_1_265' title='bbox 172 1582 302 1605; x_wconf 75' lang='lat' dir='ltr'><strong>aarum</strong></span> <span class='ocrx_word' id='word_1_266' title='bbox 325 1578 360 1605; x_wconf 87' lang='lat' dir='ltr'><strong>et</strong></span> <span class='ocrx_word' id='word_1_267' title='bbox 379 1571 544 1617; x_wconf 73' lang='lat' dir='ltr'><strong>lapidem</strong></span> <span class='ocrx_word' id='word_1_268' title='bbox 567 1573 768 1616; x_wconf 78' lang='lat' dir='ltr'><strong>pretiosum</strong></span> <span class='ocrx_word' id='word_1_269' title='bbox 782 1598 792 1614; x_wconf 92' lang='lat'><strong>,</strong></span> <span class='ocrx_word' id='word_1_270' title='bbox 815 1578 850 1604; x_wconf 81' lang='lat' dir='ltr'><strong>et</strong></span> <span class='ocrx_word' id='word_1_271' title='bbox 869 1571 1038 1604; x_wconf 77' lang='lat' dir='ltr'><strong>dulciora</strong></span> <span class='ocrx_word' id='word_1_272' title='bbox 1053 1583 1166 1617; x_wconf 74' lang='lat' dir='ltr'><strong>super</strong></span> 
     </span>
     <span class='ocr_line' id='line_1_36' title="bbox 172 1626 1162 1676; baseline 0 -12"><span class='ocrx_word' id='word_1_273' title='bbox 172 1630 249 1664; x_wconf 86' lang='lat' dir='ltr'><strong>mel</strong></span> <span class='ocrx_word' id='word_1_274' title='bbox 264 1626 475 1675; x_wconf 76' lang='lat' dir='ltr'><strong>etscwum5.</strong></span> <span class='ocrx_word' id='word_1_275' title='bbox 502 1628 575 1663; x_wconf 79' lang='lat' dir='ltr'><strong>Cur</strong></span> <span class='ocrx_word' id='word_1_276' title='bbox 596 1640 686 1676; x_wconf 81' lang='lat' dir='ltr'><strong>ergo</strong></span> <span class='ocrx_word' id='word_1_277' title='bbox 711 1627 843 1663; x_wconf 82' lang='lat' dir='ltr'><strong>timebo</strong></span> <span class='ocrx_word' id='word_1_278' title='bbox 870 1632 908 1664; x_wconf 82' lang='lat' dir='ltr'><strong>in</strong></span> <span class='ocrx_word' id='word_1_279' title='bbox 925 1630 987 1663; x_wconf 85' lang='lat' dir='ltr'><strong>die</strong></span> <span class='ocrx_word' id='word_1_280' title='bbox 1011 1627 1162 1664; x_wconf 75' lang='lat' dir='ltr'><strong>mala⁶P</strong></span> 
     </span>
     <span class='ocr_line' id='line_1_37' title="bbox 171 1686 1158 1736; baseline 0 -13"><span class='ocrx_word' id='word_1_281' title='bbox 171 1686 386 1724; x_wconf 89' lang='lat' dir='ltr'><strong>Consultius</strong></span> <span class='ocrx_word' id='word_1_282' title='bbox 400 1695 455 1723; x_wconf 88' lang='lat' dir='ltr'><strong>est</strong></span> <span class='ocrx_word' id='word_1_283' title='bbox 468 1686 526 1722; x_wconf 90' lang='lat' dir='ltr'><strong>hic</strong></span> <span class='ocrx_word' id='word_1_284' title='bbox 547 1686 694 1736; x_wconf 87' lang='lat' dir='ltr'><strong>puniri,</strong></span> <span class='ocrx_word' id='word_1_285' title='bbox 715 1686 773 1723; x_wconf 79' lang='lat' dir='ltr'><strong>hic</strong></span> <span class='ocrx_word' id='word_1_286' title='bbox 790 1687 868 1732; x_wconf 79' lang='lat' dir='ltr'><strong>uri,</strong></span> <span class='ocrx_word' id='word_1_287' title='bbox 888 1686 949 1723; x_wconf 92' lang='lat' dir='ltr'><strong>hic</strong></span> <span class='ocrx_word' id='word_1_288' title='bbox 966 1700 1035 1723; x_wconf 87' lang='lat' dir='ltr'><strong>nos</strong></span> <span class='ocrx_word' id='word_1_289' title='bbox 1055 1700 1158 1723; x_wconf 91' lang='lat' dir='ltr'><strong>accu-</strong></span> 
     </span>
     <span class='ocr_line' id='line_1_38' title="bbox 169 1745 1160 1795; baseline -0.001 -12"><span class='ocrx_word' id='word_1_290' title='bbox 169 1746 289 1783; x_wconf 87' lang='lat' dir='ltr'><strong>sando</strong></span> <span class='ocrx_word' id='word_1_291' title='bbox 309 1755 345 1782; x_wconf 91' lang='lat' dir='ltr'><strong>et</strong></span> <span class='ocrx_word' id='word_1_292' title='bbox 358 1745 566 1795; x_wconf 88' lang='lat' dir='ltr'><strong>judicando</strong></span> <span class='ocrx_word' id='word_1_293' title='bbox 587 1746 777 1794; x_wconf 84' lang='lat' dir='ltr'><strong>torqueri,</strong></span> <span class='ocrx_word' id='word_1_294' title='bbox 798 1759 910 1795; x_wconf 88' lang='lat' dir='ltr'><strong>quam</strong></span> <span class='ocrx_word' id='word_1_295' title='bbox 936 1745 1101 1782; x_wconf 85' lang='lat' dir='ltr'><strong>incidere</strong></span> <span class='ocrx_word' id='word_1_296' title='bbox 1122 1746 1160 1782; x_wconf 92' lang='lat' dir='ltr'><strong>in</strong></span> 
     </span>
    </p>
   </div>
   <div class='ocr_carea' id='block_1_7' title="bbox 1226 1094 2226 1797">
    <p class='ocr_par' dir='ltr' id='par_1_7' title="bbox 1226 1094 2226 1383">
     <span class='ocr_line' id='line_1_39' title="bbox 1232 1094 2225 1148; baseline 0.004 -17"><span class='ocrx_word' id='word_1_297' title='bbox 1232 1107 1281 1131; x_wconf 87' lang='lat' dir='ltr'><strong>na</strong></span> <span class='ocrx_word' id='word_1_298' title='bbox 1292 1094 1489 1132; x_wconf 80' lang='lat' dir='ltr'><strong>retributio</strong></span> <span class='ocrx_word' id='word_1_299' title='bbox 1501 1096 1837 1133; x_wconf 83' lang='lat' dir='ltr'><strong>exuberantissime</strong></span> <span class='ocrx_word' id='word_1_300' title='bbox 1850 1098 2108 1146; x_wconf 83' lang='lat' dir='ltr'><strong>respondebit.</strong></span> <span class='ocrx_word' id='word_1_301' title='bbox 2121 1099 2225 1148; x_wconf 82' lang='lat' dir='ltr'><strong>Jugis</strong></span> 
     </span>
     <span class='ocr_line' id='line_1_40' title="bbox 1226 1155 2223 1203; baseline 0.003 -13"><span class='ocrx_word' id='word_1_302' title='bbox 1226 1167 1319 1190; x_wconf 89' lang='lat' dir='ltr'><strong>vero</strong></span> <span class='ocrx_word' id='word_1_303' title='bbox 1340 1155 1558 1192; x_wconf 85' lang='lat' dir='ltr'><strong>exercitatio</strong></span> <span class='ocrx_word' id='word_1_304' title='bbox 1574 1156 1713 1192; x_wconf 89' lang='lat' dir='ltr'><strong>luctam</strong></span> <span class='ocrx_word' id='word_1_305' title='bbox 1731 1156 1803 1192; x_wconf 83' lang='lat' dir='ltr'><strong>sibi</strong></span> <span class='ocrx_word' id='word_1_306' title='bbox 1819 1155 1933 1192; x_wconf 88' lang='lat' dir='ltr'><strong>habet</strong></span> <span class='ocrx_word' id='word_1_307' title='bbox 1950 1169 2134 1193; x_wconf 87' lang='lat' dir='ltr'><strong>annexam</strong></span> <span class='ocrx_word' id='word_1_308' title='bbox 2146 1186 2155 1203; x_wconf 93' lang='lat'>‚</span> <span class='ocrx_word' id='word_1_309' title='bbox 2174 1158 2223 1194; x_wconf 88' lang='lat' dir='ltr'><strong>la-</strong></span> 
     </span>
     <span class='ocr_line' id='line_1_41' title="bbox 1227 1212 2222 1265; baseline 0.002 -15"><span class='ocrx_word' id='word_1_310' title='bbox 1227 1212 1436 1264; x_wconf 89' lang='lat' dir='ltr'><strong>boremque</strong></span> <span class='ocrx_word' id='word_1_311' title='bbox 1460 1215 1699 1251; x_wconf 88' lang='lat' dir='ltr'><strong>continuum.</strong></span> <span class='ocrx_word' id='word_1_312' title='bbox 1719 1219 1850 1252; x_wconf 88' lang='lat' dir='ltr'><strong>Justus</strong></span> <span class='ocrx_word' id='word_1_313' title='bbox 1867 1223 1991 1252; x_wconf 89' lang='lat' dir='ltr'><strong>autem</strong></span> <span class='ocrx_word' id='word_1_314' title='bbox 2019 1225 2162 1265; x_wconf 82' lang='lat' dir='ltr'><strong>pugnat</strong></span> <span class='ocrx_word' id='word_1_315' title='bbox 2179 1225 2222 1252; x_wconf 90' lang='lat' dir='ltr'><strong>ut</strong></span> 
     </span>
     <span class='ocr_line' id='line_1_42' title="bbox 1227 1273 2226 1325; baseline 0.003 -17"><span class='ocrx_word' id='word_1_316' title='bbox 1227 1280 1450 1318; x_wconf 87' lang='lat' dir='ltr'><strong>coronetur,</strong></span> <span class='ocrx_word' id='word_1_317' title='bbox 1484 1282 1705 1323; x_wconf 88' lang='lat' dir='ltr'><strong>recepturus</strong></span> <span class='ocrx_word' id='word_1_318' title='bbox 1734 1273 1780 1310; x_wconf 87' lang='lat' dir='ltr'><strong>ab</strong></span> <span class='ocrx_word' id='word_1_319' title='bbox 1807 1287 1852 1310; x_wconf 92' lang='lat' dir='ltr'><strong>eo</strong></span> <span class='ocrx_word' id='word_1_320' title='bbox 1880 1274 2047 1324; x_wconf 86' lang='lat' dir='ltr'><strong>requiem</strong></span> <span class='ocrx_word' id='word_1_321' title='bbox 2068 1288 2140 1325; x_wconf 90' lang='lat' dir='ltr'><strong>pro</strong></span> <span class='ocrx_word' id='word_1_322' title='bbox 2170 1276 2226 1312; x_wconf 89' lang='lat' dir='ltr'><strong>la-</strong></span> 
     </span>
     <span class='ocr_line' id='line_1_43' title="bbox 1228 1330 2064 1383; baseline 0.004 -16"><span class='ocrx_word' id='word_1_323' title='bbox 1228 1330 1341 1377; x_wconf 90' lang='lat' dir='ltr'><strong>bore,</strong></span> <span class='ocrx_word' id='word_1_324' title='bbox 1363 1332 1428 1380; x_wconf 92' lang='lat' dir='ltr'><strong>qui</strong></span> <span class='ocrx_word' id='word_1_325' title='bbox 1447 1333 1552 1381; x_wconf 79' lang='lat' dir='ltr'><strong>lingit</strong></span> <span class='ocrx_word' id='word_1_326' title='bbox 1568 1332 1735 1369; x_wconf 84' lang='lat' dir='ltr'><strong>laborem</strong></span> <span class='ocrx_word' id='word_1_327' title='bbox 1757 1333 1793 1369; x_wconf 91' lang='lat' dir='ltr'><strong>in</strong></span> <span class='ocrx_word' id='word_1_328' title='bbox 1815 1342 2007 1383; x_wconf 80' lang='lat' dir='ltr'><strong>praecepto</strong></span> <span class='ocrx_word' id='word_1_329' title='bbox 2023 1339 2064 1370; x_wconf 89' lang='lat'><strong>¹².</strong></span> 
     </span>
    </p>

    <p class='ocr_par' dir='ltr' id='par_1_8' title="bbox 1227 1391 2224 1797">
     <span class='ocr_line' id='line_1_44' title="bbox 1282 1391 2224 1441; baseline 0.004 -14"><span class='ocrx_word' id='word_1_330' title='bbox 1282 1391 1343 1427; x_wconf 88' lang='grc'><strong>93.</strong></span> <span class='ocrx_word' id='word_1_331' title='bbox 1368 1395 1432 1428; x_wconf 89' lang='lat' dir='ltr'><strong>Est</strong></span> <span class='ocrx_word' id='word_1_332' title='bbox 1454 1392 1580 1441; x_wconf 88' lang='lat' dir='ltr'><strong>itaque</strong></span> <span class='ocrx_word' id='word_1_333' title='bbox 1596 1391 1773 1441; x_wconf 87' lang='lat' dir='ltr'><strong>probatio</strong></span> <span class='ocrx_word' id='word_1_334' title='bbox 1791 1393 1981 1430; x_wconf 87' lang='lat' dir='ltr'><strong>charitatis</strong></span> <span class='ocrx_word' id='word_1_335' title='bbox 1995 1401 2119 1429; x_wconf 90' lang='lat' dir='ltr'><strong>utrum</strong></span> <span class='ocrx_word' id='word_1_336' title='bbox 2135 1407 2224 1431; x_wconf 84' lang='lat' dir='ltr'><strong>vera</strong></span> 
     </span>
     <span class='ocr_line' id='line_1_45' title="bbox 1229 1450 2224 1498; baseline 0.003 -12"><span class='ocrx_word' id='word_1_337' title='bbox 1229 1450 1295 1496; x_wconf 90' lang='lat' dir='ltr'><strong>sit,</strong></span> <span class='ocrx_word' id='word_1_338' title='bbox 1319 1451 1349 1486; x_wconf 90' lang='lat' dir='ltr'><strong>si</strong></span> <span class='ocrx_word' id='word_1_339' title='bbox 1370 1451 1482 1487; x_wconf 85' lang='lat' dir='ltr'><strong>homo</strong></span> <span class='ocrx_word' id='word_1_340' title='bbox 1498 1451 1672 1487; x_wconf 85' lang='lat' dir='ltr'><strong>mandata</strong></span> <span class='ocrx_word' id='word_1_341' title='bbox 1692 1452 1761 1488; x_wconf 83' lang='lat' dir='ltr'><strong>Dei</strong></span> <span class='ocrx_word' id='word_1_342' title='bbox 1784 1452 1982 1498; x_wconf 77' lang='lat' dir='ltr'><strong>dilexerit3</strong></span> <span class='ocrx_word' id='word_1_343' title='bbox 2002 1452 2032 1488; x_wconf 92' lang='lat' dir='ltr'><strong>si</strong></span> <span class='ocrx_word' id='word_1_344' title='bbox 2053 1452 2085 1488; x_wconf 88' lang='lat' dir='ltr'><strong>ei</strong></span> <span class='ocrx_word' id='word_1_345' title='bbox 2104 1452 2224 1489; x_wconf 84' lang='lat' dir='ltr'><strong>niedi—</strong></span> 
     </span>
     <span class='ocr_line' id='line_1_46' title="bbox 1230 1510 2222 1560; baseline 0.003 -15"><span class='ocrx_word' id='word_1_346' title='bbox 1230 1510 1371 1546; x_wconf 89' lang='lat' dir='ltr'><strong>tatione</strong></span> <span class='ocrx_word' id='word_1_347' title='bbox 1390 1518 1426 1545; x_wconf 87' lang='lat' dir='ltr'><strong>et</strong></span> <span class='ocrx_word' id='word_1_348' title='bbox 1442 1511 1687 1559; x_wconf 77' lang='lat' dir='ltr'><strong>operatione³</strong></span> <span class='ocrx_word' id='word_1_349' title='bbox 1707 1519 1743 1547; x_wconf 89' lang='lat' dir='ltr'><strong>et</strong></span> <span class='ocrx_word' id='word_1_350' title='bbox 1763 1524 1921 1560; x_wconf 89' lang='lat' dir='ltr'><strong>operum</strong></span> <span class='ocrx_word' id='word_1_351' title='bbox 1953 1512 2222 1548; x_wconf 84' lang='lat' dir='ltr'><strong>exercitatione</strong></span> 
     </span>
     <span class='ocr_line' id='line_1_47' title="bbox 1228 1569 2221 1619; baseline 0.002 -14"><span class='ocrx_word' id='word_1_352' title='bbox 1228 1569 1417 1614; x_wconf 87' lang='lat' dir='ltr'><strong>servierit,</strong></span> <span class='ocrx_word' id='word_1_353' title='bbox 1439 1569 1497 1605; x_wconf 91' lang='lat' dir='ltr'><strong>cui</strong></span> <span class='ocrx_word' id='word_1_354' title='bbox 1522 1570 1664 1606; x_wconf 84' lang='lat' dir='ltr'><strong>servire</strong></span> <span class='ocrx_word' id='word_1_355' title='bbox 1689 1583 1846 1619; x_wconf 73' lang='lat' dir='ltr'><strong>regnare</strong></span> <span class='ocrx_word' id='word_1_356' title='bbox 1865 1578 1931 1606; x_wconf 88' lang='lat' dir='ltr'><strong>est.</strong></span> <span class='ocrx_word' id='word_1_357' title='bbox 1954 1570 2221 1607; x_wconf 88' lang='lat' dir='ltr'><strong>Mandatorum</strong></span> 
     </span>
     <span class='ocr_line' id='line_1_48' title="bbox 1227 1628 2221 1677; baseline 0.002 -13"><span class='ocrx_word' id='word_1_358' title='bbox 1227 1628 1411 1677; x_wconf 90' lang='lat' dir='ltr'><strong>siquidem</strong></span> <span class='ocrx_word' id='word_1_359' title='bbox 1431 1628 1647 1665; x_wconf 83' lang='lat' dir='ltr'><strong>obedientia</strong></span> <span class='ocrx_word' id='word_1_360' title='bbox 1670 1630 1811 1665; x_wconf 88' lang='lat' dir='ltr'><strong>nullius</strong></span> <span class='ocrx_word' id='word_1_361' title='bbox 1835 1637 1892 1665; x_wconf 89' lang='lat' dir='ltr'><strong>est</strong></span> <span class='ocrx_word' id='word_1_362' title='bbox 1915 1629 2058 1675; x_wconf 83' lang='lat' dir='ltr'><strong>meriti,</strong></span> <span class='ocrx_word' id='word_1_363' title='bbox 2082 1630 2151 1666; x_wconf 88' lang='lat' dir='ltr'><strong>nisi</strong></span> <span class='ocrx_word' id='word_1_364' title='bbox 2174 1643 2221 1666; x_wconf 89' lang='lat' dir='ltr'><strong>ex</strong></span> 
     </span>
     <span class='ocr_line' id='line_1_49' title="bbox 1227 1687 2221 1737; baseline 0.002 -14"><span class='ocrx_word' id='word_1_365' title='bbox 1227 1687 1405 1724; x_wconf 86' lang='lat' dir='ltr'><strong>charitate</strong></span> <span class='ocrx_word' id='word_1_366' title='bbox 1423 1688 1615 1737; x_wconf 87' lang='lat' dir='ltr'><strong>procedat.</strong></span> <span class='ocrx_word' id='word_1_367' title='bbox 1635 1689 1729 1736; x_wconf 87' lang='lat' dir='ltr'><strong>Quia</strong></span> <span class='ocrx_word' id='word_1_368' title='bbox 1743 1689 1842 1724; x_wconf 92' lang='lat' dir='ltr'><strong>enim</strong></span> <span class='ocrx_word' id='word_1_369' title='bbox 1856 1701 2013 1724; x_wconf 82' lang='lat' dir='ltr'><strong>annexae</strong></span> <span class='ocrx_word' id='word_1_370' title='bbox 2031 1688 2221 1725; x_wconf 89' lang='lat' dir='ltr'><strong>suntobe-</strong></span> 
     </span>
     <span class='ocr_line' id='line_1_50' title="bbox 1227 1746 2221 1797; baseline 0.002 -14"><span class='ocrx_word' id='word_1_371' title='bbox 1227 1746 1367 1784; x_wconf 88' lang='lat' dir='ltr'><strong>dientia</strong></span> <span class='ocrx_word' id='word_1_372' title='bbox 1397 1756 1434 1784; x_wconf 88' lang='lat' dir='ltr'><strong>et</strong></span> <span class='ocrx_word' id='word_1_373' title='bbox 1461 1747 1640 1793; x_wconf 82' lang='lat' dir='ltr'><strong>charitas3</strong></span> <span class='ocrx_word' id='word_1_374' title='bbox 1672 1748 1756 1784; x_wconf 87' lang='lat' dir='ltr'><strong>ideo</strong></span> <span class='ocrx_word' id='word_1_375' title='bbox 1786 1748 1948 1796; x_wconf 88' lang='lat' dir='ltr'><strong>quinon</strong></span> <span class='ocrx_word' id='word_1_376' title='bbox 1976 1747 2118 1797; x_wconf 78' lang='lat' dir='ltr'><strong>diligit,</strong></span> <span class='ocrx_word' id='word_1_377' title='bbox 2152 1761 2221 1785; x_wconf 87' lang='lat' dir='ltr'><strong>nec</strong></span> 
     </span>
    </p>
   </div>
   <div class='ocr_carea' id='block_1_8' title="bbox 170 1803 2222 1855">
    <p class='ocr_par' dir='ltr' id='par_1_9' title="bbox 170 1803 2222 1855">
     <span class='ocr_line' id='line_1_51' title="bbox 170 1803 2222 1855; baseline 0.001 -13"><span class='ocrx_word' id='word_1_378' title='bbox 170 1818 304 1842; x_wconf 88' lang='lat' dir='ltr'><strong>manus</strong></span> <span class='ocrx_word' id='word_1_379' title='bbox 323 1804 393 1842; x_wconf 88' lang='lat' dir='ltr'><strong>Dei</strong></span> <span class='ocrx_word' id='word_1_380' title='bbox 409 1804 570 1841; x_wconf 84' lang='lat' dir='ltr'><strong>viventis</strong></span> <span class='ocrx_word' id='word_1_381' title='bbox 582 1811 609 1850; x_wconf 89' lang='lat'><strong>7,</strong></span> <span class='ocrx_word' id='word_1_382' title='bbox 630 1813 667 1840; x_wconf 89' lang='lat' dir='ltr'><strong>et</strong></span> <span class='ocrx_word' id='word_1_383' title='bbox 686 1806 724 1841; x_wconf 91' lang='lat' dir='ltr'><strong>in</strong></span> <span class='ocrx_word' id='word_1_384' title='bbox 740 1803 799 1841; x_wconf 92' lang='lat' dir='ltr'><strong>die</strong></span> <span class='ocrx_word' id='word_1_385' title='bbox 817 1805 1030 1851; x_wconf 89' lang='lat' dir='ltr'><strong>tremenda,</strong></span> <span class='ocrx_word' id='word_1_386' title='bbox 1052 1805 1159 1841; x_wconf 88' lang='lat' dir='ltr'><strong>dam·</strong></span> <span class='ocrx_word' id='word_1_387' title='bbox 1180 1805 1207 1841; x_wconf 94' lang='lat' dir='ltr'>C</span> <span class='ocrx_word' id='word_1_388' title='bbox 1227 1806 1402 1842; x_wconf 88' lang='lat' dir='ltr'><strong>mandata</strong></span> <span class='ocrx_word' id='word_1_389' title='bbox 1419 1806 1593 1843; x_wconf 89' lang='lat' dir='ltr'><strong>custodit.</strong></span> <span class='ocrx_word' id='word_1_390' title='bbox 1612 1806 1710 1843; x_wconf 92' lang='lat' dir='ltr'><strong>Audi</strong></span> <span class='ocrx_word' id='word_1_391' title='bbox 1731 1819 1816 1842; x_wconf 88' lang='lat' dir='ltr'><strong>eum</strong></span> <span class='ocrx_word' id='word_1_392' title='bbox 1843 1806 1906 1855; x_wconf 89' lang='lat' dir='ltr'><strong>qui</strong></span> <span class='ocrx_word' id='word_1_393' title='bbox 1928 1807 2065 1842; x_wconf 78' lang='lat' dir='ltr'><strong>veritas</strong></span> <span class='ocrx_word' id='word_1_394' title='bbox 2085 1816 2163 1843; x_wconf 84' lang='lat' dir='ltr'><strong>est:</strong></span> <span class='ocrx_word' id='word_1_395' title='bbox 2184 1809 2222 1844; x_wconf 86' lang='lat' dir='ltr'><strong>Si</strong></span> 
     </span>
    </p>
   </div>
   <div class='ocr_carea' id='block_1_9' title="bbox 168 1863 1160 1974">
    <p class='ocr_par' dir='ltr' id='par_1_10' title="bbox 168 1863 1160 1974">
     <span class='ocr_line' id='line_1_52' title="bbox 168 1863 1160 1913; baseline -0.001 -12"><span class='ocrx_word' id='word_1_396' title='bbox 168 1865 331 1901; x_wconf 90' lang='lat' dir='ltr'><strong>nationis</strong></span> <span class='ocrx_word' id='word_1_397' title='bbox 349 1872 498 1900; x_wconf 83' lang='lat' dir='ltr'><strong>aeternae</strong></span> <span class='ocrx_word' id='word_1_398' title='bbox 513 1863 739 1913; x_wconf 87' lang='lat' dir='ltr'><strong>supplicium</strong></span> <span class='ocrx_word' id='word_1_399' title='bbox 759 1876 779 1899; x_wconf 89' lang='lat' dir='ltr'><strong>a</strong></span> <span class='ocrx_word' id='word_1_400' title='bbox 797 1863 957 1900; x_wconf 87' lang='lat' dir='ltr'><strong>terribili</strong></span> <span class='ocrx_word' id='word_1_401' title='bbox 973 1872 1010 1900; x_wconf 94' lang='lat' dir='ltr'><strong>et</strong></span> <span class='ocrx_word' id='word_1_402' title='bbox 1030 1864 1160 1901; x_wconf 84' lang='lat' dir='ltr'><strong>inexo-</strong></span> 
     </span>
     <span class='ocr_line' id='line_1_53' title="bbox 168 1923 663 1974; baseline -0.002 -14"><span class='ocrx_word' id='word_1_403' title='bbox 168 1923 277 1961; x_wconf 88' lang='lat' dir='ltr'><strong>rabili</strong></span> <span class='ocrx_word' id='word_1_404' title='bbox 287 1924 416 1974; x_wconf 84' lang='lat' dir='ltr'><strong>judice</strong></span> <span class='ocrx_word' id='word_1_405' title='bbox 431 1931 663 1973; x_wconf 85' lang='lat' dir='ltr'><strong>exspectare.</strong></span> 
     </span>
    </p>
   </div>
   <div class='ocr_carea' id='block_1_10' title="bbox 496 2056 830 2095">
    <p class='ocr_par' dir='ltr' id='par_1_11' title="bbox 496 2056 830 2095">
     <span class='ocr_line' id='line_1_54' title="bbox 496 2056 830 2095; baseline 0.006 -2"><span class='ocrx_word' id='word_1_406' title='bbox 496 2056 671 2095; x_wconf 91' lang='lat' dir='ltr'><strong>CAPUT</strong></span> <span class='ocrx_word' id='word_1_407' title='bbox 699 2056 830 2095; x_wconf 84' lang='lat' dir='ltr'><strong>XXX.</strong></span> 
     </span>
    </p>
   </div>
   <div class='ocr_carea' id='block_1_11' title="bbox 330 2169 993 2211">
    <p class='ocr_par' dir='ltr' id='par_1_12' title="bbox 330 2169 993 2211">
     <span class='ocr_line' id='line_1_55' title="bbox 330 2169 993 2211; baseline 0 -9"><span class='ocrx_word' id='word_1_408' title='bbox 330 2173 434 2202; x_wconf 84' lang='lat' dir='ltr'><strong>Deum</strong></span> <span class='ocrx_word' id='word_1_409' title='bbox 456 2170 542 2211; x_wconf 81' lang='lat' dir='ltr'><strong>diligi</strong></span> <span class='ocrx_word' id='word_1_410' title='bbox 564 2170 678 2201; x_wconf 79' lang='lat' dir='ltr'><strong>debere</strong></span> <span class='ocrx_word' id='word_1_411' title='bbox 697 2170 728 2201; x_wconf 88' lang='lat' dir='ltr'><strong>in</strong></span> <span class='ocrx_word' id='word_1_412' title='bbox 747 2170 809 2200; x_wconf 87' lang='lat' dir='ltr'><strong>suis</strong></span> <span class='ocrx_word' id='word_1_413' title='bbox 829 2169 993 2202; x_wconf 72' lang='lat' dir='ltr'><strong>mandatis.</strong></span> 
     </span>
    </p>
   </div>
   <div class='ocr_carea' id='block_1_12' title="bbox 166 2281 1159 3037">
    <p class='ocr_par' dir='ltr' id='par_1_13' title="bbox 166 2281 1159 3037">
     <span class='ocr_line' id='line_1_56' title="bbox 219 2281 1159 2331; baseline -0.002 -11"><span class='ocrx_word' id='word_1_414' title='bbox 219 2283 281 2320; x_wconf 81' lang='lat'><strong>92.</strong></span> <span class='ocrx_word' id='word_1_415' title='bbox 316 2286 417 2320; x_wconf 90' lang='lat' dir='ltr'><strong>Dens</strong></span> <span class='ocrx_word' id='word_1_416' title='bbox 440 2290 517 2319; x_wconf 88' lang='lat' dir='ltr'><strong>tota</strong></span> <span class='ocrx_word' id='word_1_417' title='bbox 547 2290 673 2319; x_wconf 90' lang='lat' dir='ltr'><strong>mente</strong></span> <span class='ocrx_word' id='word_1_418' title='bbox 698 2282 912 2331; x_wconf 77' lang='lat' dir='ltr'><strong>diligendus</strong></span> <span class='ocrx_word' id='word_1_419' title='bbox 944 2289 1000 2317; x_wconf 84' lang='lat' dir='ltr'><strong>est</strong></span> <span class='ocrx_word' id='word_1_420' title='bbox 1024 2281 1062 2317; x_wconf 88' lang='lat' dir='ltr'><strong>in</strong></span> <span class='ocrx_word' id='word_1_421' title='bbox 1084 2282 1159 2319; x_wconf 89' lang='lat' dir='ltr'><strong>suis</strong></span> 
     </span>
     <span class='ocr_line' id='line_1_57' title="bbox 168 2340 1153 2385; baseline -0.003 -6"><span class='ocrx_word' id='word_1_422' title='bbox 168 2341 363 2379; x_wconf 84' lang='lat' dir='ltr'><strong>mandatis.</strong></span> <span class='ocrx_word' id='word_1_423' title='bbox 386 2342 474 2378; x_wconf 89' lang='lat' dir='ltr'><strong>Vult</strong></span> <span class='ocrx_word' id='word_1_424' title='bbox 495 2341 594 2377; x_wconf 88' lang='lat' dir='ltr'><strong>enim</strong></span> <span class='ocrx_word' id='word_1_425' title='bbox 610 2344 734 2385; x_wconf 90' lang='lat' dir='ltr'><strong>Deus,</strong></span> <span class='ocrx_word' id='word_1_426' title='bbox 757 2348 798 2376; x_wconf 90' lang='lat' dir='ltr'><strong>ut</strong></span> <span class='ocrx_word' id='word_1_427' title='bbox 820 2348 896 2376; x_wconf 85' lang='lat' dir='ltr'><strong>tota</strong></span> <span class='ocrx_word' id='word_1_428' title='bbox 913 2353 1018 2375; x_wconf 79' lang='lat' dir='ltr'><strong>niens</strong></span> <span class='ocrx_word' id='word_1_429' title='bbox 1035 2340 1153 2376; x_wconf 86' lang='lat' dir='ltr'><strong>homi-</strong></span> 
     </span>
     <span class='ocr_line' id='line_1_58' title="bbox 167 2398 1158 2444; baseline -0.002 -7"><span class='ocrx_word' id='word_1_430' title='bbox 167 2401 223 2438; x_wconf 91' lang='lat' dir='ltr'><strong>nis</strong></span> <span class='ocrx_word' id='word_1_431' title='bbox 239 2402 290 2437; x_wconf 90' lang='lat' dir='ltr'><strong>ita</strong></span> <span class='ocrx_word' id='word_1_432' title='bbox 315 2400 470 2436; x_wconf 90' lang='lat' dir='ltr'><strong>inclinet</strong></span> <span class='ocrx_word' id='word_1_433' title='bbox 501 2412 539 2435; x_wconf 91' lang='lat' dir='ltr'><strong>sc</strong></span> <span class='ocrx_word' id='word_1_434' title='bbox 570 2399 616 2435; x_wconf 91' lang='lat' dir='ltr'><strong>ad</strong></span> <span class='ocrx_word' id='word_1_435' title='bbox 647 2398 927 2444; x_wconf 83' lang='lat' dir='ltr'><strong>obediendum,</strong></span> <span class='ocrx_word' id='word_1_436' title='bbox 952 2407 992 2434; x_wconf 90' lang='lat' dir='ltr'><strong>ut</strong></span> <span class='ocrx_word' id='word_1_437' title='bbox 1027 2411 1158 2435; x_wconf 86' lang='lat' dir='ltr'><strong>omnes</strong></span> 
     </span>
     <span class='ocr_line' id='line_1_59' title="bbox 166 2457 1158 2507; baseline -0.002 -10"><span class='ocrx_word' id='word_1_438' title='bbox 166 2473 297 2497; x_wconf 87' lang='lat' dir='ltr'><strong>sensus</strong></span> <span class='ocrx_word' id='word_1_439' title='bbox 321 2467 358 2496; x_wconf 90' lang='lat' dir='ltr'><strong>et</strong></span> <span class='ocrx_word' id='word_1_440' title='bbox 381 2460 598 2496; x_wconf 82' lang='lat' dir='ltr'><strong>affectiones</strong></span> <span class='ocrx_word' id='word_1_441' title='bbox 619 2471 704 2494; x_wconf 85' lang='lat' dir='ltr'><strong>suas</strong></span> <span class='ocrx_word' id='word_1_442' title='bbox 731 2457 927 2507; x_wconf 87' lang='lat' dir='ltr'><strong>impendat</strong></span> <span class='ocrx_word' id='word_1_443' title='bbox 948 2457 1158 2495; x_wconf 81' lang='lat' dir='ltr'><strong>observan—</strong></span> 
     </span>
     <span class='ocr_line' id='line_1_60' title="bbox 167 2516 1158 2566; baseline -0.001 -11"><span class='ocrx_word' id='word_1_444' title='bbox 167 2520 226 2555; x_wconf 84' lang='lat' dir='ltr'><strong>tiae</strong></span> <span class='ocrx_word' id='word_1_445' title='bbox 245 2519 506 2555; x_wconf 87' lang='lat' dir='ltr'><strong>mandatorum</strong></span> <span class='ocrx_word' id='word_1_446' title='bbox 537 2518 758 2554; x_wconf 73' lang='lat' dir='ltr'><strong>coelestium.</strong></span> <span class='ocrx_word' id='word_1_447' title='bbox 785 2516 948 2555; x_wconf 85' lang='lat' dir='ltr'><strong>Obedire</strong></span> <span class='ocrx_word' id='word_1_448' title='bbox 973 2517 1158 2566; x_wconf 86' lang='lat' dir='ltr'><strong>siquidem</strong></span> 
     </span>
     <span class='ocr_line' id='line_1_61' title="bbox 166 2576 1156 2626; baseline 0 -13"><span class='ocrx_word' id='word_1_449' title='bbox 166 2581 248 2614; x_wconf 89' lang='lat' dir='ltr'><strong>Deo</strong></span> <span class='ocrx_word' id='word_1_450' title='bbox 262 2606 271 2623; x_wconf 93' lang='lat'><strong>,</strong></span> <span class='ocrx_word' id='word_1_451' title='bbox 291 2585 346 2614; x_wconf 87' lang='lat' dir='ltr'><strong>est</strong></span> <span class='ocrx_word' id='word_1_452' title='bbox 368 2577 554 2614; x_wconf 89' lang='lat' dir='ltr'><strong>voluntati</strong></span> <span class='ocrx_word' id='word_1_453' title='bbox 581 2576 662 2625; x_wconf 87' lang='lat' dir='ltr'><strong>ejus</strong></span> <span class='ocrx_word' id='word_1_454' title='bbox 680 2590 748 2626; x_wconf 86' lang='lat' dir='ltr'><strong>per</strong></span> <span class='ocrx_word' id='word_1_455' title='bbox 768 2577 895 2613; x_wconf 87' lang='lat' dir='ltr'><strong>omnia</strong></span> <span class='ocrx_word' id='word_1_456' title='bbox 922 2577 1156 2624; x_wconf 87' lang='lat' dir='ltr'><strong>consentire,</strong></span> 
     </span>
     <span class='ocr_line' id='line_1_62' title="bbox 166 2635 1158 2684; baseline 0 -11"><span class='ocrx_word' id='word_1_457' title='bbox 166 2645 203 2673; x_wconf 87' lang='lat' dir='ltr'><strong>et</strong></span> <span class='ocrx_word' id='word_1_458' title='bbox 222 2636 274 2673; x_wconf 90' lang='lat' dir='ltr'><strong>sic</strong></span> <span class='ocrx_word' id='word_1_459' title='bbox 294 2635 508 2672; x_wconf 83' lang='lat' dir='ltr'><strong>obediendo</strong></span> <span class='ocrx_word' id='word_1_460' title='bbox 529 2636 672 2681; x_wconf 72' lang='lat' dir='ltr'><strong>vivet-03</strong></span> <span class='ocrx_word' id='word_1_461' title='bbox 697 2636 785 2684; x_wconf 87' lang='lat' dir='ltr'><strong>quia</strong></span> <span class='ocrx_word' id='word_1_462' title='bbox 805 2636 881 2672; x_wconf 82' lang='lat' dir='ltr'><strong>vita</strong></span> <span class='ocrx_word' id='word_1_463' title='bbox 898 2644 953 2672; x_wconf 85' lang='lat' dir='ltr'><strong>est</strong></span> <span class='ocrx_word' id='word_1_464' title='bbox 971 2636 1009 2672; x_wconf 91' lang='lat' dir='ltr'><strong>in</strong></span> <span class='ocrx_word' id='word_1_465' title='bbox 1023 2637 1158 2673; x_wconf 83' lang='lat' dir='ltr'><strong>volun-</strong></span> 
     </span>
     <span class='ocr_line' id='line_1_63' title="bbox 168 2694 1156 2744; baseline 0 -12"><span class='ocrx_word' id='word_1_466' title='bbox 168 2704 241 2732; x_wconf 85' lang='lat' dir='ltr'><strong>tate</strong></span> <span class='ocrx_word' id='word_1_467' title='bbox 263 2694 380 2744; x_wconf 65' lang='lat' dir='ltr'><strong>ejus&#39;3.</strong></span> <span class='ocrx_word' id='word_1_468' title='bbox 411 2697 503 2732; x_wconf 87' lang='lat' dir='ltr'><strong>Cum</strong></span> <span class='ocrx_word' id='word_1_469' title='bbox 527 2702 651 2731; x_wconf 83' lang='lat' dir='ltr'><strong>autem</strong></span> <span class='ocrx_word' id='word_1_470' title='bbox 676 2695 850 2731; x_wconf 85' lang='lat' dir='ltr'><strong>voluntas</strong></span> <span class='ocrx_word' id='word_1_471' title='bbox 874 2695 941 2731; x_wconf 89' lang='lat' dir='ltr'><strong>Dei</strong></span> <span class='ocrx_word' id='word_1_472' title='bbox 963 2696 1156 2744; x_wconf 78' lang='lat' dir='ltr'><strong>exprima-</strong></span> 
     </span>
     <span class='ocr_line' id='line_1_64' title="bbox 168 2753 1154 2803; baseline 0 -12"><span class='ocrx_word' id='word_1_473' title='bbox 168 2763 228 2791; x_wconf 90' lang='lat' dir='ltr'><strong>tur</strong></span> <span class='ocrx_word' id='word_1_474' title='bbox 248 2754 285 2790; x_wconf 90' lang='lat' dir='ltr'><strong>in</strong></span> <span class='ocrx_word' id='word_1_475' title='bbox 315 2753 498 2790; x_wconf 80' lang='lat' dir='ltr'><strong>mandatis</strong></span> <span class='ocrx_word' id='word_1_476' title='bbox 527 2753 666 2802; x_wconf 88' lang='lat' dir='ltr'><strong>ipsius,</strong></span> <span class='ocrx_word' id='word_1_477' title='bbox 690 2767 758 2789; x_wconf 88' lang='lat' dir='ltr'><strong>nec</strong></span> <span class='ocrx_word' id='word_1_478' title='bbox 779 2757 900 2790; x_wconf 85' lang='lat' dir='ltr'><strong>Deum</strong></span> <span class='ocrx_word' id='word_1_479' title='bbox 924 2754 1007 2802; x_wconf 87' lang='lat' dir='ltr'><strong>quis</strong></span> <span class='ocrx_word' id='word_1_480' title='bbox 1037 2755 1154 2803; x_wconf 86' lang='lat' dir='ltr'><strong>possit</strong></span> 
     </span>
     <span class='ocr_line' id='line_1_65' title="bbox 168 2813 1158 2864; baseline 0.001 -14"><span class='ocrx_word' id='word_1_481' title='bbox 168 2814 322 2864; x_wconf 81' lang='lat' dir='ltr'><strong>diligere</strong></span> <span class='ocrx_word' id='word_1_482' title='bbox 348 2814 418 2850; x_wconf 91' lang='lat' dir='ltr'><strong>nisi</strong></span> <span class='ocrx_word' id='word_1_483' title='bbox 445 2813 525 2862; x_wconf 85' lang='lat' dir='ltr'><strong>ejus</strong></span> <span class='ocrx_word' id='word_1_484' title='bbox 553 2813 682 2862; x_wconf 77' lang='lat' dir='ltr'><strong>diligat</strong></span> <span class='ocrx_word' id='word_1_485' title='bbox 710 2814 943 2850; x_wconf 80' lang='lat' dir='ltr'><strong>voluntatem</strong></span> <span class='ocrx_word' id='word_1_486' title='bbox 965 2828 974 2858; x_wconf 90' lang='lat'>;</span> <span class='ocrx_word' id='word_1_487' title='bbox 1011 2823 1158 2851; x_wconf 83' lang='lat' dir='ltr'><strong>constat</strong></span> 
     </span>
     <span class='ocr_line' id='line_1_66' title="bbox 166 2872 1159 2922; baseline 0 -12"><span class='ocrx_word' id='word_1_488' title='bbox 166 2877 288 2911; x_wconf 85' lang='lat' dir='ltr'><strong>Deum</strong></span> <span class='ocrx_word' id='word_1_489' title='bbox 303 2873 491 2909; x_wconf 88' lang='lat' dir='ltr'><strong>neminem</strong></span> <span class='ocrx_word' id='word_1_490' title='bbox 508 2885 617 2922; x_wconf 87' lang='lat' dir='ltr'><strong>posse</strong></span> <span class='ocrx_word' id='word_1_491' title='bbox 633 2873 806 2921; x_wconf 76' lang='lat' dir='ltr'><strong>diligere,</strong></span> <span class='ocrx_word' id='word_1_492' title='bbox 827 2873 896 2909; x_wconf 87' lang='lat' dir='ltr'><strong>nisi</strong></span> <span class='ocrx_word' id='word_1_493' title='bbox 909 2872 1037 2921; x_wconf 77' lang='lat' dir='ltr'><strong>diligat</strong></span> <span class='ocrx_word' id='word_1_494' title='bbox 1055 2887 1159 2910; x_wconf 79' lang='lat' dir='ltr'><strong>inan-</strong></span> 
     </span>
     <span class='ocr_line' id='line_1_67' title="bbox 167 2930 1159 2982; baseline 0.001 -14"><span class='ocrx_word' id='word_1_495' title='bbox 167 2932 253 2968; x_wconf 84' lang='lat' dir='ltr'><strong>data</strong></span> <span class='ocrx_word' id='word_1_496' title='bbox 276 2931 369 2980; x_wconf 87' lang='lat' dir='ltr'><strong>ejus.</strong></span> <span class='ocrx_word' id='word_1_497' title='bbox 400 2935 464 2968; x_wconf 87' lang='lat' dir='ltr'><strong>Est</strong></span> <span class='ocrx_word' id='word_1_498' title='bbox 485 2931 647 2980; x_wconf 87' lang='lat' dir='ltr'><strong>denique</strong></span> <span class='ocrx_word' id='word_1_499' title='bbox 675 2930 850 2982; x_wconf 85' lang='lat' dir='ltr'><strong>probatio</strong></span> <span class='ocrx_word' id='word_1_500' title='bbox 877 2931 1086 2968; x_wconf 86' lang='lat' dir='ltr'><strong>dilectionis</strong></span> <span class='ocrx_word' id='word_1_501' title='bbox 1112 2946 1159 2969; x_wconf 84' lang='lat' dir='ltr'><strong>ex</strong></span> 
     </span>
     <span class='ocr_line' id='line_1_68' title="bbox 168 2991 1158 3037; baseline 0 -9"><span class='ocrx_word' id='word_1_502' title='bbox 168 2991 353 3028; x_wconf 85' lang='lat' dir='ltr'><strong>mandatis</strong></span> <span class='ocrx_word' id='word_1_503' title='bbox 382 2992 469 3035; x_wconf 90' lang='lat' dir='ltr'><strong>Dei,</strong></span> <span class='ocrx_word' id='word_1_504' title='bbox 501 2991 530 3028; x_wconf 89' lang='lat' dir='ltr'><strong>si</strong></span> <span class='ocrx_word' id='word_1_505' title='bbox 556 2992 593 3028; x_wconf 90' lang='lat' dir='ltr'><strong>in</strong></span> <span class='ocrx_word' id='word_1_506' title='bbox 623 2991 676 3028; x_wconf 92' lang='lat' dir='ltr'><strong>eis</strong></span> <span class='ocrx_word' id='word_1_507' title='bbox 704 2991 942 3037; x_wconf 85' lang='lat' dir='ltr'><strong>meditemur,</strong></span> <span class='ocrx_word' id='word_1_508' title='bbox 965 2991 994 3028; x_wconf 91' lang='lat' dir='ltr'><strong>si</strong></span> <span class='ocrx_word' id='word_1_509' title='bbox 1023 3005 1158 3030; x_wconf 84' lang='lat' dir='ltr'><strong>secun-</strong></span> 
     </span>
    </p>
   </div>
   <div class='ocr_carea' id='block_1_13' title="bbox 1224 1864 2224 2562">
    <p class='ocr_par' dir='ltr' id='par_1_14' title="bbox 1224 1864 2224 2562">
     <span class='ocr_line' id='line_1_69' title="bbox 1224 1864 2223 1915; baseline 0.002 -14"><span class='ocrx_word' id='word_1_510' title='bbox 1224 1871 1306 1914; x_wconf 77' lang='lat' dir='ltr'><strong>quis</strong></span> <span class='ocrx_word' id='word_1_511' title='bbox 1329 1869 1452 1915; x_wconf 71' lang='lat' dir='ltr'><strong>diligit</strong></span> <span class='ocrx_word' id='word_1_512' title='bbox 1473 1880 1552 1909; x_wconf 83' lang='lat' dir='ltr'><strong>me,</strong></span> <span class='ocrx_word' id='word_1_513' title='bbox 1575 1880 1778 1902; x_wconf 66' lang='lat' dir='ltr'><strong>sermonem</strong></span> <span class='ocrx_word' id='word_1_514' title='bbox 1799 1879 1917 1901; x_wconf 79' lang='lat' dir='ltr'><strong>meum</strong></span> <span class='ocrx_word' id='word_1_515' title='bbox 1944 1864 2154 1903; x_wconf 73' lang='lat' dir='ltr'><strong>servabit¹³.</strong></span> <span class='ocrx_word' id='word_1_516' title='bbox 2176 1870 2223 1903; x_wconf 85' lang='lat' dir='ltr'><strong>Et</strong></span> 
     </span>
     <span class='ocr_line' id='line_1_70' title="bbox 1227 1925 2223 1975; baseline 0 -12"><span class='ocrx_word' id='word_1_517' title='bbox 1227 1925 1397 1974; x_wconf 76' lang='lat' dir='ltr'><strong>adjungit</strong></span> <span class='ocrx_word' id='word_1_518' title='bbox 1424 1926 1618 1962; x_wconf 78' lang='lat' dir='ltr'><strong>manifeste</strong></span> <span class='ocrx_word' id='word_1_519' title='bbox 1641 1926 1853 1971; x_wconf 81' lang='lat' dir='ltr'><strong>insinuans,</strong></span> <span class='ocrx_word' id='word_1_520' title='bbox 1875 1925 1978 1974; x_wconf 88' lang='lat' dir='ltr'><strong>quod</strong></span> <span class='ocrx_word' id='word_1_521' title='bbox 2008 1926 2037 1961; x_wconf 91' lang='lat' dir='ltr'><strong>si</strong></span> <span class='ocrx_word' id='word_1_522' title='bbox 2058 1926 2142 1975; x_wconf 86' lang='lat' dir='ltr'><strong>quis</strong></span> <span class='ocrx_word' id='word_1_523' title='bbox 2169 1926 2223 1963; x_wconf 87' lang='lat' dir='ltr'><strong>di-</strong></span> 
     </span>
     <span class='ocr_line' id='line_1_71' title="bbox 1227 1984 2222 2034; baseline 0.003 -14"><span class='ocrx_word' id='word_1_524' title='bbox 1227 1984 1331 2032; x_wconf 80' lang='lat' dir='ltr'><strong>ligit,</strong></span> <span class='ocrx_word' id='word_1_525' title='bbox 1351 1984 1481 2021; x_wconf 85' lang='lat' dir='ltr'><strong>obedit</strong></span> <span class='ocrx_word' id='word_1_526' title='bbox 1501 1999 1508 2020; x_wconf 93' lang='grc'>;</span> <span class='ocrx_word' id='word_1_527' title='bbox 1529 1985 1557 2021; x_wconf 88' lang='lat' dir='ltr'><strong>si</strong></span> <span class='ocrx_word' id='word_1_528' title='bbox 1580 1998 1656 2021; x_wconf 88' lang='lat' dir='ltr'><strong>non</strong></span> <span class='ocrx_word' id='word_1_529' title='bbox 1689 1984 1840 2030; x_wconf 90' lang='lat' dir='ltr'><strong>obedit,</strong></span> <span class='ocrx_word' id='word_1_530' title='bbox 1862 1998 1936 2021; x_wconf 89' lang='lat' dir='ltr'><strong>non</strong></span> <span class='ocrx_word' id='word_1_531' title='bbox 1962 1984 2093 2034; x_wconf 81' lang='lat' dir='ltr'><strong>diligit.</strong></span> <span class='ocrx_word' id='word_1_532' title='bbox 2124 1989 2222 2023; x_wconf 81' lang='lat' dir='ltr'><strong>Vera</strong></span> 
     </span>
     <span class='ocr_line' id='line_1_72' title="bbox 1229 2042 2220 2081; baseline 0.002 -2"><span class='ocrx_word' id='word_1_533' title='bbox 1229 2056 1315 2080; x_wconf 84' lang='lat' dir='ltr'><strong>sane</strong></span> <span class='ocrx_word' id='word_1_534' title='bbox 1336 2043 1552 2080; x_wconf 85' lang='lat' dir='ltr'><strong>obedientia</strong></span> <span class='ocrx_word' id='word_1_535' title='bbox 1573 2052 1629 2080; x_wconf 88' lang='lat' dir='ltr'><strong>est</strong></span> <span class='ocrx_word' id='word_1_536' title='bbox 1648 2057 1737 2080; x_wconf 69' lang='lat' dir='ltr'><strong>vera</strong></span> <span class='ocrx_word' id='word_1_537' title='bbox 1757 2042 1997 2079; x_wconf 74' lang='lat' dir='ltr'><strong>observantia</strong></span> <span class='ocrx_word' id='word_1_538' title='bbox 2021 2043 2220 2081; x_wconf 84' lang='lat' dir='ltr'><strong>mandato-</strong></span> 
     </span>
     <span class='ocr_line' id='line_1_73' title="bbox 1226 2101 2221 2154; baseline 0.003 -17"><span class='ocrx_word' id='word_1_539' title='bbox 1226 2115 1308 2138; x_wconf 87' lang='lat' dir='ltr'><strong>rum</strong></span> <span class='ocrx_word' id='word_1_540' title='bbox 1332 2103 1412 2139; x_wconf 87' lang='lat' dir='ltr'><strong>Dei.</strong></span> <span class='ocrx_word' id='word_1_541' title='bbox 1436 2106 1641 2152; x_wconf 85' lang='lat' dir='ltr'><strong>Propterea</strong></span> <span class='ocrx_word' id='word_1_542' title='bbox 1661 2115 1811 2152; x_wconf 83' lang='lat' dir='ltr'><strong>semper</strong></span> <span class='ocrx_word' id='word_1_543' title='bbox 1835 2101 2048 2138; x_wconf 84' lang='lat' dir='ltr'><strong>obedientia</strong></span> <span class='ocrx_word' id='word_1_544' title='bbox 2070 2103 2221 2154; x_wconf 87' lang='lat' dir='ltr'><strong>insepa-</strong></span> 
     </span>
     <span class='ocr_line' id='line_1_74' title="bbox 1225 2160 2222 2211; baseline 0.002 -14"><span class='ocrx_word' id='word_1_545' title='bbox 1225 2160 1394 2197; x_wconf 85' lang='lat' dir='ltr'><strong>rabiliter</strong></span> <span class='ocrx_word' id='word_1_546' title='bbox 1413 2162 1585 2198; x_wconf 86' lang='lat' dir='ltr'><strong>charitati</strong></span> <span class='ocrx_word' id='word_1_547' title='bbox 1611 2162 1798 2207; x_wconf 80' lang='lat' dir='ltr'><strong>adliaeret,</strong></span> <span class='ocrx_word' id='word_1_548' title='bbox 1820 2171 1978 2211; x_wconf 84' lang='lat' dir='ltr'><strong>propter</strong></span> <span class='ocrx_word' id='word_1_549' title='bbox 1998 2162 2100 2210; x_wconf 89' lang='lat' dir='ltr'><strong>quod</strong></span> <span class='ocrx_word' id='word_1_550' title='bbox 2128 2163 2222 2199; x_wconf 84' lang='lat' dir='ltr'><strong>scri-</strong></span> 
     </span>
     <span class='ocr_line' id='line_1_75' title="bbox 1224 2219 2220 2268; baseline 0.001 -13"><span class='ocrx_word' id='word_1_551' title='bbox 1224 2228 1331 2268; x_wconf 87' lang='lat' dir='ltr'><strong>ptum</strong></span> <span class='ocrx_word' id='word_1_552' title='bbox 1347 2228 1419 2257; x_wconf 87' lang='lat' dir='ltr'><strong>est:</strong></span> <span class='ocrx_word' id='word_1_553' title='bbox 1433 2223 1506 2267; x_wconf 78' lang='lat' dir='ltr'><strong>Qui</strong></span> <span class='ocrx_word' id='word_1_554' title='bbox 1520 2219 1675 2267; x_wconf 76' lang='lat' dir='ltr'><strong>offendit</strong></span> <span class='ocrx_word' id='word_1_555' title='bbox 1691 2226 1729 2256; x_wconf 84' lang='lat' dir='ltr'><strong>in</strong></span> <span class='ocrx_word' id='word_1_556' title='bbox 1743 2234 1830 2264; x_wconf 74' lang='lat' dir='ltr'><strong>mio,</strong></span> <span class='ocrx_word' id='word_1_557' title='bbox 1841 2219 1969 2267; x_wconf 67' lang='lat' dir='ltr'><strong>fitonis</strong></span> <span class='ocrx_word' id='word_1_558' title='bbox 1984 2230 2041 2256; x_wconf 52' lang='lat' dir='ltr'><strong>ext</strong></span> <span class='ocrx_word' id='word_1_559' title='bbox 2053 2226 2220 2256; x_wconf 73' lang='lat' dir='ltr'><strong>oninium</strong></span> 
     </span>
     <span class='ocr_line' id='line_1_76' title="bbox 1225 2279 2221 2327; baseline 0.002 -12"><span class='ocrx_word' id='word_1_560' title='bbox 1225 2292 1308 2315; x_wconf 78' lang='lat' dir='ltr'><strong>retis</strong></span> <span class='ocrx_word' id='word_1_561' title='bbox 1323 2280 1363 2316; x_wconf 62' lang='lat'><strong>¹⁴.</strong></span> <span class='ocrx_word' id='word_1_562' title='bbox 1388 2280 1497 2327; x_wconf 88' lang='lat' dir='ltr'><strong>Quod</strong></span> <span class='ocrx_word' id='word_1_563' title='bbox 1518 2281 1555 2316; x_wconf 91' lang='lat' dir='ltr'><strong>in</strong></span> <span class='ocrx_word' id='word_1_564' title='bbox 1575 2293 1651 2316; x_wconf 90' lang='lat' dir='ltr'><strong>uno</strong></span> <span class='ocrx_word' id='word_1_565' title='bbox 1672 2280 1937 2316; x_wconf 85' lang='lat' dir='ltr'><strong>mandatorum</strong></span> <span class='ocrx_word' id='word_1_566' title='bbox 1958 2279 2128 2316; x_wconf 70' lang='lat' dir='ltr'><strong>breviter</strong></span> <span class='ocrx_word' id='word_1_567' title='bbox 2149 2294 2221 2317; x_wconf 83' lang='lat' dir='ltr'><strong>ex—</strong></span> 
     </span>
     <span class='ocr_line' id='line_1_77' title="bbox 1225 2339 2224 2388; baseline 0.003 -15"><span class='ocrx_word' id='word_1_568' title='bbox 1225 2339 1315 2387; x_wconf 84' lang='lat' dir='ltr'><strong>poni</strong></span> <span class='ocrx_word' id='word_1_569' title='bbox 1344 2347 1492 2388; x_wconf 85' lang='lat' dir='ltr'><strong>potest,</strong></span> <span class='ocrx_word' id='word_1_570' title='bbox 1529 2348 1570 2375; x_wconf 89' lang='lat' dir='ltr'><strong>ut</strong></span> <span class='ocrx_word' id='word_1_571' title='bbox 1605 2339 1650 2375; x_wconf 90' lang='lat' dir='ltr'><strong>de</strong></span> <span class='ocrx_word' id='word_1_572' title='bbox 1677 2339 1863 2376; x_wconf 88' lang='lat' dir='ltr'><strong>similibus</strong></span> <span class='ocrx_word' id='word_1_573' title='bbox 1896 2353 2055 2375; x_wconf 76' lang='lat' dir='ltr'><strong>censura</strong></span> <span class='ocrx_word' id='word_1_574' title='bbox 2089 2341 2224 2377; x_wconf 86' lang='lat' dir='ltr'><strong>similis</strong></span> 
     </span>
     <span class='ocr_line' id='line_1_78' title="bbox 1224 2397 2224 2445; baseline 0.003 -12"><span class='ocrx_word' id='word_1_575' title='bbox 1224 2397 1420 2434; x_wconf 86' lang='lat' dir='ltr'><strong>habeatur.</strong></span> <span class='ocrx_word' id='word_1_576' title='bbox 1455 2398 1553 2434; x_wconf 90' lang='lat' dir='ltr'><strong>lluic</strong></span> <span class='ocrx_word' id='word_1_577' title='bbox 1583 2398 1784 2445; x_wconf 86' lang='lat' dir='ltr'><strong>mandato,</strong></span> <span class='ocrx_word' id='word_1_578' title='bbox 1808 2401 1893 2434; x_wconf 79' lang='lat' dir='ltr'><strong>Non</strong></span> <span class='ocrx_word' id='word_1_579' title='bbox 1923 2400 2066 2434; x_wconf 73' lang='lat' dir='ltr'><strong>occides</strong></span> <span class='ocrx_word' id='word_1_580' title='bbox 2085 2398 2128 2445; x_wconf 84' lang='lat'><strong>¹⁵,</strong></span> <span class='ocrx_word' id='word_1_581' title='bbox 2158 2400 2224 2436; x_wconf 85' lang='lat' dir='ltr'><strong>ille</strong></span> 
     </span>
     <span class='ocr_line' id='line_1_79' title="bbox 1224 2457 2224 2508; baseline 0.002 -15"><span class='ocrx_word' id='word_1_582' title='bbox 1224 2458 1289 2506; x_wconf 90' lang='lat' dir='ltr'><strong>qui</strong></span> <span class='ocrx_word' id='word_1_583' title='bbox 1313 2470 1388 2494; x_wconf 93' lang='lat' dir='ltr'><strong>non</strong></span> <span class='ocrx_word' id='word_1_584' title='bbox 1412 2457 1533 2507; x_wconf 76' lang='lat' dir='ltr'><strong>diligit</strong></span> <span class='ocrx_word' id='word_1_585' title='bbox 1554 2466 1590 2494; x_wconf 91' lang='lat' dir='ltr'><strong>et</strong></span> <span class='ocrx_word' id='word_1_586' title='bbox 1611 2471 1687 2494; x_wconf 91' lang='lat' dir='ltr'><strong>non</strong></span> <span class='ocrx_word' id='word_1_587' title='bbox 1709 2458 1865 2503; x_wconf 81' lang='lat' dir='ltr'><strong>occidit,</strong></span> <span class='ocrx_word' id='word_1_588' title='bbox 1889 2458 2106 2494; x_wconf 87' lang='lat' dir='ltr'><strong>mandatum</strong></span> <span class='ocrx_word' id='word_1_589' title='bbox 2134 2459 2224 2508; x_wconf 83' lang='lat' dir='ltr'><strong>qui-</strong></span> 
     </span>
     <span class='ocr_line' id='line_1_80' title="bbox 1226 2517 2222 2562; baseline 0.001 -9"><span class='ocrx_word' id='word_1_590' title='bbox 1226 2517 1311 2553; x_wconf 87' lang='lat' dir='ltr'><strong>dem</strong></span> <span class='ocrx_word' id='word_1_591' title='bbox 1325 2518 1370 2554; x_wconf 90' lang='lat' dir='ltr'><strong>ad</strong></span> <span class='ocrx_word' id='word_1_592' title='bbox 1389 2518 1550 2554; x_wconf 81' lang='lat' dir='ltr'><strong>litteram</strong></span> <span class='ocrx_word' id='word_1_593' title='bbox 1565 2518 1670 2562; x_wconf 79' lang='lat' dir='ltr'><strong>facit,</strong></span> <span class='ocrx_word' id='word_1_594' title='bbox 1695 2518 1758 2554; x_wconf 85' lang='lat' dir='ltr'><strong>sed</strong></span> <span class='ocrx_word' id='word_1_595' title='bbox 1773 2531 1850 2554; x_wconf 90' lang='lat' dir='ltr'><strong>non</strong></span> <span class='ocrx_word' id='word_1_596' title='bbox 1875 2518 1960 2554; x_wconf 82' lang='lat' dir='ltr'><strong>facit</strong></span> <span class='ocrx_word' id='word_1_597' title='bbox 1982 2518 2027 2554; x_wconf 90' lang='lat' dir='ltr'><strong>ad</strong></span> <span class='ocrx_word' id='word_1_598' title='bbox 2045 2519 2222 2554; x_wconf 84' lang='lat' dir='ltr'><strong>meritum</strong></span> 
     </span>
    </p>
   </div>
   <div class='ocr_carea' id='block_1_14' title="bbox 1174 2576 2221 2625">
    <p class='ocr_par' dir='ltr' id='par_1_15' title="bbox 1174 2576 2221 2625">
     <span class='ocr_line' id='line_1_81' title="bbox 1174 2576 2221 2625; baseline -0.001 -10"><span class='ocrx_word' id='word_1_599' title='bbox 1174 2581 1206 2615; x_wconf 94' lang='lat' dir='ltr'><strong>D</strong></span> <span class='ocrx_word' id='word_1_600' title='bbox 1225 2576 1412 2622; x_wconf 77' lang='lat' dir='ltr'><strong>inandati3</strong></span> <span class='ocrx_word' id='word_1_601' title='bbox 1431 2577 1519 2625; x_wconf 81' lang='lat' dir='ltr'><strong>quia</strong></span> <span class='ocrx_word' id='word_1_602' title='bbox 1540 2591 1616 2613; x_wconf 91' lang='lat' dir='ltr'><strong>non</strong></span> <span class='ocrx_word' id='word_1_603' title='bbox 1638 2577 1770 2625; x_wconf 71' lang='lat' dir='ltr'><strong>diligit.</strong></span> <span class='ocrx_word' id='word_1_604' title='bbox 1789 2581 1926 2625; x_wconf 78' lang='lat' dir='ltr'><strong>Legem</strong></span> <span class='ocrx_word' id='word_1_605' title='bbox 1946 2578 2045 2613; x_wconf 82' lang='lat' dir='ltr'><strong>enini</strong></span> <span class='ocrx_word' id='word_1_606' title='bbox 2071 2579 2192 2614; x_wconf 79' lang='lat' dir='ltr'><strong>faeere</strong></span> <span class='ocrx_word' id='word_1_607' title='bbox 2209 2606 2221 2622; x_wconf 82' lang='lat'><strong>,</strong></span> 
     </span>
    </p>
   </div>
   <div class='ocr_carea' id='block_1_15' title="bbox 1222 2635 2224 3041">
    <p class='ocr_par' dir='ltr' id='par_1_16' title="bbox 1222 2635 2224 3041">
     <span class='ocr_line' id='line_1_82' title="bbox 1224 2635 2220 2684; baseline 0 -12"><span class='ocrx_word' id='word_1_608' title='bbox 1224 2649 1300 2672; x_wconf 89' lang='lat' dir='ltr'><strong>non</strong></span> <span class='ocrx_word' id='word_1_609' title='bbox 1325 2645 1380 2672; x_wconf 83' lang='lat' dir='ltr'><strong>est</strong></span> <span class='ocrx_word' id='word_1_610' title='bbox 1404 2635 1519 2672; x_wconf 84' lang='lat' dir='ltr'><strong>verba</strong></span> <span class='ocrx_word' id='word_1_611' title='bbox 1544 2637 1633 2684; x_wconf 71' lang='lat' dir='ltr'><strong>legis</strong></span> <span class='ocrx_word' id='word_1_612' title='bbox 1654 2636 1819 2672; x_wconf 76' lang='lat' dir='ltr'><strong>exterius</strong></span> <span class='ocrx_word' id='word_1_613' title='bbox 1841 2636 1966 2684; x_wconf 85' lang='lat' dir='ltr'><strong>sequi,</strong></span> <span class='ocrx_word' id='word_1_614' title='bbox 2001 2637 2065 2672; x_wconf 83' lang='lat' dir='ltr'><strong>sed</strong></span> <span class='ocrx_word' id='word_1_615' title='bbox 2095 2645 2220 2672; x_wconf 77' lang='lat' dir='ltr'><strong>niente</strong></span> 
     </span>
     <span class='ocr_line' id='line_1_83' title="bbox 1223 2696 2222 2745; baseline 0 -13"><span class='ocrx_word' id='word_1_616' title='bbox 1223 2705 1259 2732; x_wconf 83' lang='lat' dir='ltr'><strong>et</strong></span> <span class='ocrx_word' id='word_1_617' title='bbox 1292 2696 1503 2732; x_wconf 72' lang='lat' dir='ltr'><strong>intentione</strong></span> <span class='ocrx_word' id='word_1_618' title='bbox 1535 2696 1758 2732; x_wconf 85' lang='lat' dir='ltr'><strong>obedienter</strong></span> <span class='ocrx_word' id='word_1_619' title='bbox 1785 2696 1956 2744; x_wconf 75' lang='lat' dir='ltr'><strong>implere.</strong></span> <span class='ocrx_word' id='word_1_620' title='bbox 2002 2696 2095 2742; x_wconf 87' lang='lat' dir='ltr'><strong>Quia</strong></span> <span class='ocrx_word' id='word_1_621' title='bbox 2130 2710 2222 2745; x_wconf 75' lang='lat' dir='ltr'><strong>ergo</strong></span> 
     </span>
     <span class='ocr_line' id='line_1_84' title="bbox 1222 2754 2222 2802; baseline -0.001 -11"><span class='ocrx_word' id='word_1_622' title='bbox 1222 2769 1300 2791; x_wconf 89' lang='lat' dir='ltr'><strong>non</strong></span> <span class='ocrx_word' id='word_1_623' title='bbox 1323 2763 1378 2791; x_wconf 80' lang='lat' dir='ltr'><strong>est</strong></span> <span class='ocrx_word' id='word_1_624' title='bbox 1401 2755 1545 2790; x_wconf 81' lang='lat' dir='ltr'><strong>sincera</strong></span> <span class='ocrx_word' id='word_1_625' title='bbox 1567 2754 1800 2798; x_wconf 80' lang='lat' dir='ltr'><strong>obedientia,</strong></span> <span class='ocrx_word' id='word_1_626' title='bbox 1824 2767 1908 2802; x_wconf 67' lang='lat' dir='ltr'><strong>quse</strong></span> <span class='ocrx_word' id='word_1_627' title='bbox 1940 2768 1986 2790; x_wconf 80' lang='lat' dir='ltr'><strong>ex</strong></span> <span class='ocrx_word' id='word_1_628' title='bbox 2014 2767 2102 2790; x_wconf 64' lang='lat' dir='ltr'><strong>vera</strong></span> <span class='ocrx_word' id='word_1_629' title='bbox 2128 2755 2222 2791; x_wconf 81' lang='lat' dir='ltr'><strong>dile-</strong></span> 
     </span>
     <span class='ocr_line' id='line_1_85' title="bbox 1223 2813 2222 2862; baseline 0.001 -12"><span class='ocrx_word' id='word_1_630' title='bbox 1223 2815 1347 2851; x_wconf 85' lang='lat' dir='ltr'><strong>ctione</strong></span> <span class='ocrx_word' id='word_1_631' title='bbox 1378 2827 1455 2850; x_wconf 90' lang='lat' dir='ltr'><strong>non</strong></span> <span class='ocrx_word' id='word_1_632' title='bbox 1478 2815 1542 2858; x_wconf 82' lang='lat' dir='ltr'><strong>lit;</strong></span> <span class='ocrx_word' id='word_1_633' title='bbox 1567 2826 1643 2849; x_wconf 92' lang='lat' dir='ltr'><strong>non</strong></span> <span class='ocrx_word' id='word_1_634' title='bbox 1674 2813 1813 2848; x_wconf 85' lang='lat' dir='ltr'><strong>dieitur</strong></span> <span class='ocrx_word' id='word_1_635' title='bbox 1843 2813 2023 2858; x_wconf 82' lang='lat' dir='ltr'><strong>obedire,</strong></span> <span class='ocrx_word' id='word_1_636' title='bbox 2056 2814 2120 2862; x_wconf 89' lang='lat' dir='ltr'><strong>qui</strong></span> <span class='ocrx_word' id='word_1_637' title='bbox 2145 2828 2222 2851; x_wconf 86' lang='lat' dir='ltr'><strong>non</strong></span> 
     </span>
     <span class='ocr_line' id='line_1_86' title="bbox 1223 2872 2223 2924; baseline 0.002 -15"><span class='ocrx_word' id='word_1_638' title='bbox 1223 2874 1365 2922; x_wconf 75' lang='lat' dir='ltr'><strong>diligit,</strong></span> <span class='ocrx_word' id='word_1_639' title='bbox 1383 2874 1470 2909; x_wconf 82' lang='lat' dir='ltr'><strong>lieet</strong></span> <span class='ocrx_word' id='word_1_640' title='bbox 1491 2886 1567 2908; x_wconf 82' lang='lat' dir='ltr'><strong>non</strong></span> <span class='ocrx_word' id='word_1_641' title='bbox 1586 2872 1756 2916; x_wconf 77' lang='lat' dir='ltr'><strong>occidat,</strong></span> <span class='ocrx_word' id='word_1_642' title='bbox 1780 2886 1825 2907; x_wconf 77' lang='lat' dir='ltr'><strong>eo</strong></span> <span class='ocrx_word' id='word_1_643' title='bbox 1847 2873 1950 2921; x_wconf 82' lang='lat' dir='ltr'><strong>quod</strong></span> <span class='ocrx_word' id='word_1_644' title='bbox 1969 2873 2088 2923; x_wconf 73' lang='lat' dir='ltr'><strong>legem</strong></span> <span class='ocrx_word' id='word_1_645' title='bbox 2106 2887 2223 2924; x_wconf 72' lang='lat' dir='ltr'><strong>opere</strong></span> 
     </span>
     <span class='ocr_line' id='line_1_87' title="bbox 1225 2932 2224 2980; baseline -0.001 -11"><span class='ocrx_word' id='word_1_646' title='bbox 1225 2941 1368 2969; x_wconf 81' lang='lat' dir='ltr'><strong>tantuin</strong></span> <span class='ocrx_word' id='word_1_647' title='bbox 1386 2961 1395 2977; x_wconf 87' lang='lat'><strong>,</strong></span> <span class='ocrx_word' id='word_1_648' title='bbox 1418 2941 1455 2968; x_wconf 88' lang='lat' dir='ltr'><strong>et</strong></span> <span class='ocrx_word' id='word_1_649' title='bbox 1471 2945 1546 2967; x_wconf 89' lang='lat' dir='ltr'><strong>non</strong></span> <span class='ocrx_word' id='word_1_650' title='bbox 1568 2932 1780 2967; x_wconf 81' lang='lat' dir='ltr'><strong>intentione</strong></span> <span class='ocrx_word' id='word_1_651' title='bbox 1801 2944 1895 2980; x_wconf 76' lang='lat' dir='ltr'><strong>pura</strong></span> <span class='ocrx_word' id='word_1_652' title='bbox 1910 2932 2107 2969; x_wconf 80' lang='lat' dir='ltr'><strong>custodiat.</strong></span> <span class='ocrx_word' id='word_1_653' title='bbox 2131 2934 2224 2968; x_wconf 76' lang='lat' dir='ltr'><strong>Cha-</strong></span> 
     </span>
     <span class='ocr_line' id='line_1_88' title="bbox 1225 2990 2221 3041; baseline 0 -14"><span class='ocrx_word' id='word_1_654' title='bbox 1225 2996 1316 3027; x_wconf 76' lang='lat' dir='ltr'><strong>ritas</strong></span> <span class='ocrx_word' id='word_1_655' title='bbox 1334 2990 1519 3040; x_wconf 82' lang='lat' dir='ltr'><strong>siquidem</strong></span> <span class='ocrx_word' id='word_1_656' title='bbox 1541 2995 1692 3039; x_wconf 74' lang='lat' dir='ltr'><strong>patiens</strong></span> <span class='ocrx_word' id='word_1_657' title='bbox 1708 3000 1778 3034; x_wconf 77' lang='lat' dir='ltr'><strong>cst,</strong></span> <span class='ocrx_word' id='word_1_658' title='bbox 1801 2990 1959 3040; x_wconf 70' lang='lat' dir='ltr'><strong>benigna</strong></span> <span class='ocrx_word' id='word_1_659' title='bbox 1975 3000 2050 3035; x_wconf 72' lang='lat' dir='ltr'><strong>est,</strong></span> <span class='ocrx_word' id='word_1_660' title='bbox 2074 2992 2111 3028; x_wconf 88' lang='lat' dir='ltr'><strong>in</strong></span> <span class='ocrx_word' id='word_1_661' title='bbox 2133 2991 2221 3041; x_wconf 89' lang='lat' dir='ltr'><strong>qui—</strong></span> 
     </span>
    </p>
   </div>
   <div class='ocr_carea' id='block_1_16' title="bbox 171 3127 2222 3219">
    <p class='ocr_par' dir='ltr' id='par_1_17' title="bbox 171 3127 2222 3219">
     <span class='ocr_line' id='line_1_89' title="bbox 217 3127 2222 3168; baseline 0 -8"><span class='ocrx_word' id='word_1_662' title='bbox 217 3136 225 3151; x_wconf 88' lang='lat'><strong>¹</strong></span> <span class='ocrx_word' id='word_1_663' title='bbox 243 3133 323 3160; x_wconf 80' lang='lat' dir='ltr'><strong>Dan.</strong></span> <span class='ocrx_word' id='word_1_664' title='bbox 341 3140 399 3167; x_wconf 87' lang='grc' dir='ltr'>ιιι,</span> <span class='ocrx_word' id='word_1_665' title='bbox 423 3135 453 3160; x_wconf 84' lang='lat' dir='ltr'><strong>et</strong></span> <span class='ocrx_word' id='word_1_666' title='bbox 471 3133 587 3162; x_wconf 88' lang='lat' dir='ltr'><strong>Jcrem.</strong></span> <span class='ocrx_word' id='word_1_667' title='bbox 606 3141 729 3161; x_wconf 78' lang='lat' dir='ltr'><strong>xiv.—</strong></span> <span class='ocrx_word' id='word_1_668' title='bbox 752 3135 764 3151; x_wconf 85' lang='lat'>²</span> <span class='ocrx_word' id='word_1_669' title='bbox 783 3130 864 3161; x_wconf 82' lang='lat' dir='ltr'><strong>l’sal.</strong></span> <span class='ocrx_word' id='word_1_670' title='bbox 884 3141 978 3165; x_wconf 73' lang='lat' dir='ltr'><strong>xcvi,</strong></span> <span class='ocrx_word' id='word_1_671' title='bbox 1004 3133 1037 3161; x_wconf 83' lang='grc'><strong>8.</strong></span> <span class='ocrx_word' id='word_1_672' title='bbox 1061 3148 1105 3152; x_wconf 95' lang='grc'>-</span> <span class='ocrx_word' id='word_1_673' title='bbox 1129 3127 1143 3150; x_wconf 86' lang='lat'>3</span> <span class='ocrx_word' id='word_1_674' title='bbox 1163 3134 1252 3161; x_wconf 77' lang='lat' dir='ltr'><strong>Rom.</strong></span> <span class='ocrx_word' id='word_1_675' title='bbox 1270 3141 1303 3168; x_wconf 83' lang='lat' dir='ltr'><strong>v,</strong></span> <span class='ocrx_word' id='word_1_676' title='bbox 1321 3134 1387 3161; x_wconf 75' lang='lat'><strong>:3-5.</strong></span> <span class='ocrx_word' id='word_1_677' title='bbox 1409 3148 1451 3152; x_wconf 79' lang='lat'><strong>—-</strong></span> <span class='ocrx_word' id='word_1_678' title='bbox 1473 3130 1486 3155; x_wconf 68' lang='lat'><strong>-5</strong></span> <span class='ocrx_word' id='word_1_679' title='bbox 1508 3130 1586 3161; x_wconf 80' lang='lat' dir='ltr'><strong>l‘sal.</strong></span> <span class='ocrx_word' id='word_1_680' title='bbox 1610 3141 1710 3160; x_wconf 71' lang='lat' dir='ltr'><strong>cxviii</strong></span> <span class='ocrx_word' id='word_1_681' title='bbox 1725 3155 1733 3166; x_wconf 78' lang='grc'>,</span> <span class='ocrx_word' id='word_1_682' title='bbox 1755 3133 1810 3161; x_wconf 65' lang='grc'><strong>43.</strong></span> <span class='ocrx_word' id='word_1_683' title='bbox 1828 3149 1870 3153; x_wconf 34' lang='lat'><strong>⁷—</strong></span> <span class='ocrx_word' id='word_1_684' title='bbox 1890 3128 1902 3150; x_wconf 82' lang='lat'>⁵</span> <span class='ocrx_word' id='word_1_685' title='bbox 1930 3131 2009 3161; x_wconf 76' lang='lat' dir='ltr'><strong>l’sal.</strong></span> <span class='ocrx_word' id='word_1_686' title='bbox 2037 3142 2119 3161; x_wconf 77' lang='lat' dir='ltr'><strong>xvni</strong></span> <span class='ocrx_word' id='word_1_687' title='bbox 2136 3155 2142 3165; x_wconf 85' lang='grc'>,</span> <span class='ocrx_word' id='word_1_688' title='bbox 2164 3135 2222 3165; x_wconf 78' lang='lat' dir='ltr'><strong>to,</strong></span> 
     </span>
     <span class='ocr_line' id='line_1_90' title="bbox 171 3179 2203 3219; baseline 0 -7"><span class='ocrx_word' id='word_1_689' title='bbox 171 3184 222 3213; x_wconf 90' lang='grc'><strong>11.</strong></span> <span class='ocrx_word' id='word_1_690' title='bbox 243 3199 280 3204; x_wconf 61' lang='lat'><strong>-&gt;·</strong></span> <span class='ocrx_word' id='word_1_691' title='bbox 301 3179 408 3212; x_wconf 64' lang='lat' dir='ltr'><strong>‘³1‘s11l.</strong></span> <span class='ocrx_word' id='word_1_692' title='bbox 432 3188 689 3218; x_wconf 31' lang='lat' dir='ltr'><strong>x¹.v1u‚t}.--r7</strong></span> <span class='ocrx_word' id='word_1_693' title='bbox 710 3182 841 3214; x_wconf 56' lang='lat' dir='ltr'><strong>Uolunx</strong></span> <span class='ocrx_word' id='word_1_694' title='bbox 856 3207 863 3219; x_wconf 89' lang='lat'><strong>,</strong></span> <span class='ocrx_word' id='word_1_695' title='bbox 882 3186 937 3213; x_wconf 80' lang='lat'><strong>31.</strong></span> <span class='ocrx_word' id='word_1_696' title='bbox 956 3202 981 3203; x_wconf 39' lang='lat' dir='ltr'><em>W</em></span> <span class='ocrx_word' id='word_1_697' title='bbox 1011 3181 1024 3202; x_wconf 73' lang='lat'><strong>⁸</strong></span> <span class='ocrx_word' id='word_1_698' title='bbox 1041 3182 1117 3213; x_wconf 71' lang='lat' dir='ltr'><strong>l’sal.</strong></span> <span class='ocrx_word' id='word_1_699' title='bbox 1136 3194 1214 3212; x_wconf 72' lang='lat' dir='ltr'><strong>xxix</strong></span> <span class='ocrx_word' id='word_1_700' title='bbox 1228 3207 1235 3219; x_wconf 86' lang='grc'>,</span> <span class='ocrx_word' id='word_1_701' title='bbox 1259 3187 1286 3215; x_wconf 75' lang='lat' dir='ltr'><strong>t&#39;»,</strong></span> <span class='ocrx_word' id='word_1_702' title='bbox 1308 3201 1348 3204; x_wconf 84' lang='lat'>—</span> <span class='ocrx_word' id='word_1_703' title='bbox 1367 3188 1382 3210; x_wconf 76' lang='grc'><strong>9</strong></span> <span class='ocrx_word' id='word_1_704' title='bbox 1401 3182 1481 3214; x_wconf 79' lang='lat' dir='ltr'><strong>Psal.</strong></span> <span class='ocrx_word' id='word_1_705' title='bbox 1499 3194 1601 3212; x_wconf 75' lang='lat' dir='ltr'><strong>cxviii</strong></span> <span class='ocrx_word' id='word_1_706' title='bbox 1618 3206 1625 3219; x_wconf 90' lang='lat'><strong>,</strong></span> <span class='ocrx_word' id='word_1_707' title='bbox 1648 3185 1703 3217; x_wconf 65' lang='lat'><strong>[07.</strong></span> <span class='ocrx_word' id='word_1_708' title='bbox 1720 3186 1773 3214; x_wconf 67' lang='lat'><strong>48.</strong></span> <span class='ocrx_word' id='word_1_709' title='bbox 1790 3201 1831 3204; x_wconf 80' lang='lat'>—</span> <span class='ocrx_word' id='word_1_710' title='bbox 1855 3188 1883 3202; x_wconf 83' lang='lat'><strong>¹⁰</strong></span> <span class='ocrx_word' id='word_1_711' title='bbox 1906 3183 1997 3213; x_wconf 75' lang='lat' dir='ltr'><strong>Ercli.</strong></span> <span class='ocrx_word' id='word_1_712' title='bbox 2020 3194 2083 3218; x_wconf 80' lang='grc' dir='ltr'>ιιι,</span> <span class='ocrx_word' id='word_1_713' title='bbox 2109 3187 2162 3213; x_wconf 63' lang='lat'><strong>3²12.</strong></span> <span class='ocrx_word' id='word_1_714' title='bbox 2182 3202 2203 3204; x_wconf 24' lang='grc' dir='ltr'><strong>-κ</strong></span> 
     </span>
    </p>
   </div>
   <div class='ocr_carea' id='block_1_17' title="bbox 169 3234 476 3270">
    <p class='ocr_par' dir='ltr' id='par_1_18' title="bbox 169 3234 476 3270">
     <span class='ocr_line' id='line_1_91' title="bbox 169 3234 476 3270; baseline -0.003 -6"><span class='ocrx_word' id='word_1_715' title='bbox 169 3240 195 3255; x_wconf 86' lang='lat'><strong>¹¹</strong></span> <span class='ocrx_word' id='word_1_716' title='bbox 217 3234 292 3264; x_wconf 78' lang='lat' dir='ltr'><strong>l‘snl.</strong></span> <span class='ocrx_word' id='word_1_717' title='bbox 313 3245 372 3270; x_wconf 70' lang='lat' dir='ltr'><strong>cx,</strong></span> <span class='ocrx_word' id='word_1_718' title='bbox 391 3237 420 3263; x_wconf 73' lang='lat'><strong>8.</strong></span> <span class='ocrx_word' id='word_1_719' title='bbox 438 3252 476 3256; x_wconf 35' lang='grc' dir='ltr'><strong>--ν</strong></span> 
     </span>
    </p>
   </div>
   <div class='ocr_carea' id='block_1_18' title="bbox 212 3291 523 3330">
    <p class='ocr_par' dir='ltr' id='par_1_19' title="bbox 212 3291 523 3330">
     <span class='ocr_line' id='line_1_92' title="bbox 212 3291 523 3330; baseline 0 -8"><span class='ocrx_word' id='word_1_720' title='bbox 212 3298 225 3312; x_wconf 76' lang='lat'><strong>²³</strong></span> <span class='ocrx_word' id='word_1_721' title='bbox 247 3292 353 3330; x_wconf 79' lang='lat' dir='ltr'><strong>Alias,</strong></span> <span class='ocrx_word' id='word_1_722' title='bbox 372 3291 523 3322; x_wconf 71' lang='lat' dir='ltr'><strong>oratione.</strong></span> 
     </span>
    </p>
   </div>
   <div class='ocr_carea' id='block_1_19' title="bbox 502 3234 1230 3272">
    <p class='ocr_par' dir='ltr' id='par_1_20' title="bbox 502 3234 1230 3272">
     <span class='ocr_line' id='line_1_93' title="bbox 502 3234 1230 3272; baseline 0 -7"><span class='ocrx_word' id='word_1_723' title='bbox 502 3239 530 3254; x_wconf 83' lang='lat'><strong>¹²</strong></span> <span class='ocrx_word' id='word_1_724' title='bbox 552 3235 627 3265; x_wconf 78' lang='lat' dir='ltr'><strong>l‘sal.</strong></span> <span class='ocrx_word' id='word_1_725' title='bbox 645 3238 817 3271; x_wconf 81' lang='lat' dir='ltr'><strong>x‹:111,2().</strong></span> <span class='ocrx_word' id='word_1_726' title='bbox 839 3254 873 3255; x_wconf 33' lang='lat' dir='ltr'><em>j</em></span> <span class='ocrx_word' id='word_1_727' title='bbox 897 3234 925 3255; x_wconf 79' lang='lat'><strong>&#39;3</strong></span> <span class='ocrx_word' id='word_1_728' title='bbox 942 3237 1033 3265; x_wconf 80' lang='lat' dir='ltr'><strong>Joan.</strong></span> <span class='ocrx_word' id='word_1_729' title='bbox 1052 3246 1120 3272; x_wconf 73' lang='grc' dir='ltr'><strong>λιν,</strong></span> <span class='ocrx_word' id='word_1_730' title='bbox 1141 3237 1193 3266; x_wconf 84' lang='lat'><strong>23.</strong></span> <span class='ocrx_word' id='word_1_731' title='bbox 1225 3255 1230 3257; x_wconf 90' lang='lat'><em>-</em></span> 
     </span>
    </p>
   </div>
   <div class='ocr_carea' id='block_1_20' title="bbox 1273 3235 1950 3271">
    <p class='ocr_par' dir='ltr' id='par_1_21' title="bbox 1273 3235 1950 3271">
     <span class='ocr_line' id='line_1_94' title="bbox 1273 3235 1950 3271; baseline -0.001 -4"><span class='ocrx_word' id='word_1_732' title='bbox 1273 3235 1300 3262; x_wconf 56' lang='lat'><strong>&#39;⁴</strong></span> <span class='ocrx_word' id='word_1_733' title='bbox 1317 3235 1427 3267; x_wconf 57' lang='lat' dir='ltr'><strong>Jacob}</strong></span> <span class='ocrx_word' id='word_1_734' title='bbox 1444 3247 1487 3271; x_wconf 82' lang='grc' dir='ltr'><strong>ιι,</strong></span> <span class='ocrx_word' id='word_1_735' title='bbox 1511 3239 1559 3266; x_wconf 83' lang='lat'><strong>10.</strong></span> <span class='ocrx_word' id='word_1_736' title='bbox 1580 3255 1611 3258; x_wconf 89' lang='lat'><strong>—</strong></span> <span class='ocrx_word' id='word_1_737' title='bbox 1641 3235 1782 3267; x_wconf 52' lang='lat' dir='ltr'><strong>¹515x0d.</strong></span> <span class='ocrx_word' id='word_1_738' title='bbox 1804 3248 1845 3265; x_wconf 77' lang='lat' dir='ltr'><strong>xx</strong></span> <span class='ocrx_word' id='word_1_739' title='bbox 1861 3260 1867 3269; x_wconf 76' lang='grc'>,</span> <span class='ocrx_word' id='word_1_740' title='bbox 1902 3240 1950 3266; x_wconf 62' lang='grc' dir='ltr'><strong>ΙᾸ.</strong></span> 
     </span>
    </p>
   </div>
  </div>
 </body>
</html>
