2418 3949
88 288 136 324 4⁵
843 288 888 321 nv
919 286 1143 328 cAivrfflA,
1175 287 1336 321 samio
1368 289 1406 321 v.
2090 289 2138 323 40

143 364 179 400 2.
205 363 298 399 Vide
330 363 524 412 quomodo
552 363 675 399 aridas
708 364 792 399 feeit
827 363 916 399 fides
943 363 1078 409 Chiisti

86 422 306 461 Judaeorum
329 421 547 458 traditiones
573 430 610 458 et
629 422 802 471 dogmata
833 415 1079 472 philosopho·
1098 427 1129 460 A
1145 420 1291 456 Christo
1325 421 1552 457 mentionem

87 496 184 520 rum.
206 481 408 530 Quomodo
437 482 587 518 arefecit
618 482 773 518 flumina
797 482 961 531 AEgypti.
995 485 1078 517 Non

87 542 195 580 estin
208 554 338 578 eorum
357 541 537 578 doctrinis
553 549 589 578 et
604 540 977 591 interpretationibus
997 541 1078 576 fru-

87 610 186 638 ctum
205 601 396 646 invenire,
414 601 460 637 de
477 614 553 650 quo
574 602 757 650 legiturin
771 602 918 638 Psalmo
936 615 943 637 :
966 602 1078 636 Terra

87 671 213 697 nostra
238 659 630 707 clabitfi‘uctumsuam
645 668 669 696 ¹.
694 664 778 697 Non
807 668 930 709 potest
946 660 983 695 in
1009 672 1077 695 eo-

87 734 170 757 rum
193 720 285 757 vicis
311 728 349 756 et
378 720 510 768 plateis
531 720 700 756 Christus
729 719 901 757 inveniri.
930 723 1033 765 Jam,
1054 732 1077 755 0

85 779 225 824 Judaei‚
248 778 444 827 emigravit
459 791 479 814 a
496 778 656 814 vinculis
673 779 827 815 vestris:
842 777 917 827 jam
939 777 1079 814 dimisit

85 839 241 875 domum
269 850 373 874 suam
387 865 397 883 ,
419 837 619 886 dereliquit
648 837 905 874 haereditatem
924 850 1028 874 suam
1047 843 1076 873 ².

84 898 257 947 Denique
277 897 362 933 facti
385 897 475 934 estis
491 897 597 946 quasi
621 897 812 946 tugurium
844 897 882 933 in
903 909 1080 933 cucume-

84 956 208 1001 tario,
238 955 344 1005 quasi
375 956 506 992 civitas
533 969 618 1005 quae
639 964 808 992 vastatur
822 954 847 992 ³.
875 956 1004 993 Sedet
1033 956 1079 992 de

83 1015 218 1066 plateis
232 1015 476 1052 nihilominus
491 1015 638 1064 legitur,
654 1015 741 1064 quia
755 1019 890 1050 corruit
901 1019 939 1050 ίη
950 1017 1079 1062 platea

84 1078 224 1111 veritas
241 1075 268 1109 4.
289 1073 480 1122 Siquidem
496 1073 542 1109 de
565 1074 741 1112 Gentium
762 1073 997 1122 philosophis
1019 1073 1078 1109 di-

1145 369 1208 397 aut
1245 370 1344 397 certe
1383 362 1578 411 despecta,
1616 376 1699 411 quae
1738 364 1876 399 nullam
1915 363 2057 400 inducit
2092 365 2137 400 de

1584 438 1589 457 :
1613 436 1695 471 quae
1723 421 1802 471 ejus
1834 437 1892 458 me
1915 437 1981 459 nec
2010 437 2135 459 sacra-

1145 479 1281 515 mentis
1308 489 1480 533 renovat,
1511 494 1577 517 nec
1602 482 1800 531 pra’ceptis
1831 482 2030 527 informat,
2067 496 2135 519 nec

1144 539 1338 588 promissis
1356 540 1573 576 inflammat.
1591 545 1682 577 *Nam
1697 542 1814 578 Judaei
1830 542 1980 591 quidem
1996 542 2136 579 habent

1143 598 1180 633 in
1197 598 1330 646 pagina
1346 598 1448 634 illum
1466 628 1474 643 ,
1495 600 1559 635 sed
1579 600 1617 635 in
1640 601 1951 649 interpretatione
1971 615 2046 638 non
2069 602 2134 637 ha-

1143 655 1247 692 bent.
1269 657 1401 693 Adhuc
1421 659 1519 693 enim
1538 659 1709 694 velamen
1727 668 1780 694 est
1806 661 1922 709 magis
1941 661 1978 697 in
2004 673 2134 697 eorum

1144 725 1268 753 mente
1291 730 1403 765 quam
1426 718 1516 765 lege.
1538 722 1612 754 lN'cc
1635 719 1733 754 enim
1751 719 1887 756 auferri
1907 729 2050 770 potest,
2066 721 2135 758 nisi

1143 788 1226 811 eum
1245 776 1415 812 conversi
1432 775 1571 812 fuerint
1591 776 1637 812 ad
1651 778 1867 814 Dominum.
1889 783 2068 829 Suspecta
2083 788 2137 816 est

1145 834 1235 870 mihi
1261 842 1334 870 tam
1357 834 1393 870 in
1417 834 1554 871 divinis
1578 835 1748 871 sensibus
1768 849 1878 884 quam
1906 839 1943 873 in
1966 839 2138 875 humanis

1145 892 1274 929 usibus
1294 894 1406 930 unius
1426 894 1595 940 licentia,
1618 895 1770 930 alterius
1787 896 1990 940 restrictiO,
2019 897 2138 933 obsti-

1145 953 1248 989 natio
1272 954 1468 1002 utriusque
1491 968 1497 988 z
1519 954 1630 990 unius
1649 954 1685 989 in
1707 954 1834 990 divina
1852 964 1985 991 natura
2009 969 2138 992 nume-

1147 1012 1278 1049 rositas
1292 1013 1470 1058 ,alterius
1490 1013 1746 1062 singularitas,
1766 1014 1963 1063 utriusque
1983 1015 2138 1051 caecitas.

1147 1072 1237 1109 Ideo
1258 1085 1405 1122 sponsa}
1418 1086 1494 1108 non
1509 1072 1676 1109 dederim
1693 1073 1730 1109 in
1752 1073 1831 1109 istis
1844 1073 1936 1110 vicis
1956 1083 1992 1110 et
2008 1075 2140 1123 plateis

83 1142 185 1172 ctum
210 1140 287 1179 est,
315 1132 420 1182 quod
449 1132 644 1169 veritatem
666 1132 736 1168 Dei
766 1132 1012 1169 detinuerunt
1041 1133 1075 1169 in
1099 1135 1126 1168 B
1144 1145 1313 1180 quaerere
1335 1132 1524 1168 dilectum.
1547 1132 1651 1170 Alios
1679 1132 1731 1168 illi
1754 1133 1986 1182 assignemus
2013 1135 2138 1177 vicos,

83 1192 282 1230 mendacio
297 1190 325 1229 ⁵.
346 1196 404 1229 An
426 1205 503 1228 non
525 1191 592 1228 tibi
610 1191 759 1228 videtur
778 1205 945 1241 congrue
963 1192 1080 1241 accipi

83 1253 123 1289 in
141 1252 233 1289 vicis
247 1281 257 1299 ,
280 1252 394 1289 Israel
412 1250 621 1288 secundum
640 1264 813 1297 carnem,
833 1252 1011 1300 quoniam
1034 1251 1079 1288 de

83 1325 162 1349 uno
190 1319 300 1348 erant
321 1311 463 1348 semine
482 1309 665 1357 Abrahae,
690 1319 727 1346 et
756 1310 794 1346 in
822 1323 940 1346 unum
971 1324 1082 1347 com-

83 1371 183 1422 pacti
203 1379 241 1408 et
265 1370 443 1407 coarctati
470 1370 582 1406 ritum
602 1398 620 1426 s»
644 1382 720 1406 una
745 1370 826 1419 lege
856 1370 1081 1407 constricti?

83 1431 278 1480 Sapientes
293 1438 418 1466 autem
435 1430 613 1468 Gentium
630 1428 718 1478 jure
745 1429 1023 1466 adumbrantur
1042 1430 1080 1466 in

83 1489 216 1540 plateis
232 1503 242 1536 3
262 1488 443 1538 quoniam
461 1488 641 1525 effrenata
659 1487 833 1525 libertate
849 1497 886 1525 et
906 1489 1054 1525 licentia
1070 1517 1078 1533 ‚

84 1557 191 1586 extra
217 1548 385 1584 veritatis
404 1547 549 1596 evagati
577 1556 666 1584 sunt
687 1547 895 1593 tramitem,
923 1548 970 1584 de
1002 1561 1081 1585 ma—

80 1607 218 1658 jestate
240 1607 369 1644 divina
389 1607 592 1644 sentientes
619 1615 656 1644 et
675 1616 882 1644 asserentes
908 1621 984 1645 non
1009 1609 1081 1644 mi—

84 1680 156 1704 nus
175 1666 318 1704 absona
333 1666 528 1716 dignitati,
553 1679 665 1715 quam
686 1667 910 1703 reluctantia
921 1668 1079 1703 veritati.

83 1725 206 1764 Judaei
245 1733 467 1776 paupertate
508 1725 768 1774 intelligentiae
809 1726 907 1762 circa
945 1725 1082 1762 divinae

83 1786 378 1836 singularitatem
404 1785 597 1822 constricti
627 1784 866 1832 substantiae,
895 1798 1014 1834 usque
1035 1786 1080 1822 ad

85 1846 168 1884 Filii
187 1854 225 1882 et
243 1845 404 1894 Spiritus
430 1845 546 1881 sancti
572 1857 753 1894 personas
777 1857 853 1880 non
874 1852 1083 1893 potuerunt

1146 1192 1235 1228 alias
1250 1192 1392 1241 plateas
1404 1221 1413 1238 ,
1435 1205 1546 1240 quam
1562 1191 1633 1229 sibi
1655 1191 1822 1229 Christus
1838 1191 2080 1241 desponsavit
2102 1194 2137 1228 in

1147 1250 1219 1286 fide
1240 1259 1277 1286 et
1297 1250 1465 1287 veritate.

1198 1309 1234 1345 4.
1254 1312 1300 1346 Et
1313 1309 1464 1358 quidem
1487 1309 1633 1358 gemina
1652 1309 1824 1358 quaedam
1839 1318 1894 1346 est
1907 1312 2141 1347 conversatio

1147 1367 1326 1404 fidelium.
1347 1368 1421 1405 Alii
1437 1369 1548 1405 latam
1573 1377 1765 1405 sectantur
1782 1370 1879 1405 viam
1901 1385 1908 1406 :
1931 1371 1991 1406 alii
2013 1372 2144 1407 arctis-

1147 1426 1249 1463 simae
1273 1440 1312 1463 se
1330 1427 1485 1464 tradunt
1505 1427 1723 1477 disciplinae.
1744 1432 1836 1465 'Nam
1859 1430 1927 1465 etsi
1951 1430 2140 1475 scribitur,

1148 1489 1264 1522 Arcta
1281 1492 1348 1523 via
1362 1502 1450 1535 quoe
1463 1490 1562 1524 ducit
1577 1491 1756 1524 advitam
1772 1496 1784 1519 7
1805 1504 1812 1525 ε
1829 1498 1884 1526 est
1902 1498 2023 1526 tamen
2039 1504 2144 1539 quae-

1147 1546 1248 1596 piam
1269 1547 1306 1583 in
1331 1547 1403 1583 hoe
1423 1560 1560 1596 genere
1581 1548 1772 1585 distinctio
1788 1577 1796 1593 ‚
1826 1557 1866 1586 et.
1883 1550 2053 1587 arctioris
2084 1564 2144 1587 re·

1148 1614 1278 1655 spectu
1299 1606 1370 1642 alia
1390 1615 1588 1656 reputatur
1602 1608 1726 1644 latior.
1744 1612 1802 1645 An
1821 1622 1896 1645 non
1913 1609 1979 1645 tibi
1997 1610 2146 1646 videtur

1148 1665 1306 1701 latitudo
1325 1666 1508 1712 mandati,
1522 1666 1586 1702 ubi
1608 1680 1720 1703 nemo
1738 1668 1979 1716 compellitur
1995 1669 2041 1705 ad
2056 1682 2144 1718 per-

1149 1724 1372 1771 fectionem,
1396 1725 1460 1762 sed
1484 1726 1643 1761 infirmae
1670 1739 1746 1762 non
1771 1727 1885 1763 modo
1914 1728 2142 1773 valetudini,

1148 1783 1213 1820 sed
1226 1785 1336 1820 etiam
1355 1785 1542 1821 voluntati
1560 1785 1749 1822 inferioris
1762 1786 1900 1835 gradus
1914 1788 2145 1836 permittitur

1147 1844 1324 1880 licentia?
1359 1845 1505 1882 Gratias
1537 1844 1600 1880 tibi
1615 1874 1624 1889 ,
1660 1846 1823 1882 Domine
1858 1850 1946 1883 Jesu
1977 1847 2120 1885 Christe
2136 1878 2145 1895 ,

84 1905 172 1942 fidei
195 1905 429 1942 incrementa
455 1905 621 1940 dilatare.
654 1904 831 1943 Gentium
864 1904 1081 1954 philosophi
1103 1901 1129 1936 C
1148 1903 1250 1951 quod
1272 1902 1382 1939 nobis
1401 1903 1529 1939 salutis
1549 1904 1763 1940 occasiones
1789 1917 1917 1953 paras,
1945 1914 1981 1941 et
2012 1907 2061 1942 ita
2082 1920 2145 1942 ve-

84 1977 154 2016 per
173 1964 328 2014 planum
351 1963 500 2009 diffusi,
519 1972 555 1999 et
577 1964 682 1999 nullo
701 1963 839 1999 divinae
858 1963 1082 1999 eruditionis

85 2022 192 2060 obice
214 2023 370 2068 tardati,
387 2022 544 2059 deorum
570 2022 803 2059 induxerunt
830 2023 1082 2058 numerosita-

86 2091 161 2119 tem
185 2082 225 2118 in
256 2082 419 2127 naturis,
441 2081 665 2118 infinitatem
697 2082 736 2117 in
767 2081 961 2130 personis,
993 2093 1080 2117 sen—

87 2142 222 2178 tientes
241 2141 340 2177 inter
361 2153 399 2177 se
420 2141 556 2189 singuli
577 2141 679 2177 varia
694 2168 703 2185 ,
724 2141 891 2177 universi
914 2153 1020 2176 vana.

138 2201 175 2238 3.
197 2200 269 2237 Sed
295 2212 380 2249 quae
393 2199 471 2249 jam
502 2200 626 2236 anima
654 2200 693 2235 in
719 2199 799 2236 istis
823 2200 881 2235 vel
911 2199 1001 2235 vicis
1023 2199 1081 2235 vel

86 2258 218 2308 plateis
234 2257 391 2306 inquirit
406 2270 586 2307 sponsum
601 2256 846 2294 ,veoncubina
862 2265 918 2293 est
933 2286 942 2302 ,
961 2257 990 2293 si
1007 2269 1081 2305 qua

85 2326 161 2364 est,
179 2325 244 2354 aut
261 2317 449 2363 adultera,
470 2330 629 2367 quarum
649 2317 765 2353 altera
785 2316 1079 2353 contubernium

84 2389 170 2414 cum
193 2389 335 2426 sponso
355 2389 431 2412 non
453 2375 566 2412 habet
595 2384 821 2426 perpetuum
835 2405 844 2422 ,
865 2376 981 2412 altera
1003 2389 1080 2412 ma—

85 2435 252 2472 lefidum.
273 2435 372 2483 Quid
397 2435 497 2472 enim
530 2435 581 2472 ibi
601 2444 768 2484 quaerat,
791 2435 857 2471 ubi
883 2444 979 2472 casta
1003 2449 1078 2472 non

85 2495 250 2532 occurrit
267 2494 469 2544 sapientia,
492 2494 556 2531 sed
571 2495 769 2544 peregrina
784 2503 821 2531 ct
842 2495 1080 2532 meretricia?

86 2553 183 2590 Talis
214 2552 282 2590 tibi
303 2553 521 2603 depingitur
550 2554 586 2590 in
618 2553 851 2599 Proverbiis,
881 2568 1082 2591 occurrens

86 2612 239 2649 vecordi
254 2611 387 2662 juveni
409 2612 472 2649 ubi
499 2613 632 2650 transit
652 2614 689 2650 in
721 2614 842 2663 platea
868 2627 990 2665 prope
1015 2628 1082 2650 an-

1148 1963 1241 2011 getis
1260 1970 1297 1998 et
1316 1962 1500 1998 alacribus
1528 1963 1712 2012 proponis
1730 1963 1949 2009 consilium,
1972 1973 2013 2000 ut
2033 1966 2143 2001 etiam

1149 2022 1298 2070 zegrotis
1317 2022 1496 2070 disponas
1514 2022 1723 2058 remedium
1736 2051 1745 2068 ,
1765 2032 1801 2058 et
1820 2023 1935 2072 pigris
1952 2024 2146 2074 dispenses

1148 2093 1356 2116 ascensum.
1381 2084 1464 2117 Non
1485 2080 1598 2117 modo
1619 2081 1723 2117 vicos
1747 2081 1912 2119 districte
1936 2083 2144 2120 viventium

1148 2138 1261 2175 habet
1284 2139 1414 2175 civitas
1449 2148 1511 2175 tua
1536 2148 1662 2176 sancta
1681 2141 1910 2187 Jerusalem,
1942 2142 2007 2178 sed
2034 2144 2145 2180 etiam

1148 2198 1289 2247 plateas
1307 2198 1507 2234 humiliora
1521 2207 1558 2234 et
1576 2199 1746 2247 planiora
1762 2199 2010 2248 diligentium.
2033 2203 2090 2239 Sic
2108 2203 2144 2239 in

1147 2257 1251 2293 omni
1281 2257 1516 2306 professione
1547 2267 1583 2293 et
1612 2258 1763 2304 ordine,
1785 2272 1869 2307 quae
1901 2274 2037 2309 sponsa
2065 2272 2143 2308 est,

1147 2315 1229 2365 ejus
1248 2329 1360 2366 quem
1381 2325 1479 2352 caste
1498 2316 1636 2366 diligit,
1660 2319 1814 2367 vestigia
1835 2320 1969 2367 quaerit
1988 2335 1994 2355 ε
2017 2331 2143 2370 quate-

1147 2388 1218 2412 nus
1238 2375 1373 2412 habeat
1394 2376 1676 2425 undecumque,
1703 2386 1739 2413 et
1759 2379 1992 2427 operationis
2012 2394 2142 2417 exem-

1147 2437 1250 2486 plum
1263 2465 1271 2481 ,
1287 2444 1324 2471 et
1343 2437 1482 2472 amoris
1499 2437 1728 2473 incendium.
1747 2441 1828 2474 Non
1852 2438 2076 2487 dedignatur
2098 2441 2144 2477 ab

1148 2495 1203 2531 his
1223 2495 1334 2531 etiam
1355 2496 1419 2544 qui
1447 2496 1536 2532 foris
1554 2505 1662 2542 sunt,
1683 2497 1747 2545 qui
1775 2497 1876 2533 nulla
1896 2500 2067 2536 arctioris
2090 2500 2144 2536 di-

1148 2555 1316 2604 sciplinae
1337 2555 1465 2603 regula
1476 2555 1802 2605 constringuntur,
1817 2558 1979 2593 mutuari
1996 2558 2144 2595 virtutis

1149 2614 1308 2662 insignia
1331 2629 1338 2650 :
1360 2622 1540 2663 reputans
1565 2615 1831 2651 ferventiorem
1850 2615 1901 2651 ibi
1930 2617 2145 2666 frequenter

48 2704 51 2708 ,
87 2673 214 2723 gulum
232 2701 242 2718 ,
263 2672 598 2722 advesperascente
615 2673 697 2718 die,
719 2673 756 2709 in
778 2674 899 2711 noctis
921 2673 1085 2710 tenebris
1100 2671 1133 2704 D
1150 2674 1326 2710 affectum
1339 2702 1348 2718 ,
1370 2672 1433 2709 ubi
1452 2674 1607 2710 inferior
1628 2675 1740 2711 fuerit
1757 2674 1902 2711 ordinis
1921 2677 2071 2724 gradus.

87 2739 124 2768 et
143 2732 300 2781 caligine
317 2761 326 2778 ‚
347 2733 483 2769 mulier
511 2741 645 2770 ornatu
669 2733 903 2780 meretricio,
933 2747 1083 2783 praepa-

87 2799 167 2828 rata
180 2791 227 2828 ad
244 2790 444 2841 capiendas
459 2792 620 2839 animas,
634 2793 783 2841 garrula
797 2801 834 2829 et
851 2805 942 2842 vaga
955 2808 964 2839 3
981 2805 1082 2829 nunc

88 2850 178 2887 foris
193 2879 202 2896 ,
223 2864 325 2888 nunc
350 2851 389 2887 in
416 2852 570 2901 plateis,
591 2865 691 2889 nunc
713 2851 822 2901 juxta
848 2853 1004 2901 angulos
1025 2854 1082 2889 in—

87 2910 226 2947 sidians
242 2909 269 2946 ⁶.
290 2914 469 2960 Suspecta
493 2920 548 2948 est
570 2912 657 2948 mihi
679 2913 761 2949 talis
782 2913 927 2962 platea,
952 2914 986 2948 in
1009 2927 1083 2962 qua

87 2970 222 3006 mulier
254 2978 326 3006 tam
350 2971 453 3007 varia
482 2979 519 3008 et
550 2972 782 3022 versipellis,
814 2972 1081 3009 blanditiarum

88 3042 239 3066 suarum
255 3029 409 3067 insidias
429 3031 581 3068 vecordi
602 3032 990 3080 machinaturjuveni.
1011 3036 1083 3069 Ne-

89 3089 165 3126 scio
185 3090 283 3126 enim
304 3089 394 3139 quid
418 3090 618 3128 obscurum
644 3101 680 3128 et
697 3092 897 3129 distortum
922 3101 958 3129 et
980 3093 1084 3129 fuca—

1203 2735 1238 2771 5.
1261 2733 1360 2782 Quid
1378 2733 1546 2771 dicemus
1573 2734 1619 2770 dc
1641 2734 1696 2771 liis
1726 2736 1789 2783 qui
1812 2748 1995 2784 nusquam
2018 2738 2145 2774 salutis

1149 2794 1364 2831 occasiones
1384 2803 1581 2842 qtiaeiiint,
1609 2793 1749 2843 ubique
1776 2804 1989 2840 causantes,
2021 2806 2055 2832 et
2085 2811 2144 2833 re-

1149 2854 1365 2890 missionem
1384 2854 1420 2889 in
1437 2854 1586 2902 plateis,
1603 2855 1690 2889 etin
1710 2855 1800 2890 vicis
1814 2855 2144 2893 indiscretioiwm?

1149 2914 1322 2962 Denique
1344 2914 1434 2949 tales
1458 2914 1565 2949 multi
1587 2923 1695 2959 sunt,
1718 2915 1782 2964 qui
1804 2928 1934 2951 onmes
1967 2929 2144 2965 perscru-

1151 2981 1277 3009 tantur
1300 2973 1551 3021 professiones
1572 2982 1606 3009 et
1625 2973 1797 3018 ordines,
1824 2975 1886 3010 sed
1910 2976 1945 3010 in
1973 2977 2025 3011 eis
2044 2979 2143 3013 nulla

1151 3033 1347 3069 inveniunt
1373 3045 1457 3081 qua:
1478 3033 1560 3069 illos
1582 3034 1751 3078 trahant,
1770 3034 1834 3070 sed
1855 3044 1988 3071 cuneta
2007 3036 2145 3084 quibus

1152 3092 1221 3141 ipsi
1242 3091 1460 3135 detrahant,
1485 3092 1756 3129 calumniantes
1783 3094 1884 3142 quod
1904 3095 2086 3131 districtio
2108 3098 2142 3132 in

90 3156 168 3185 tum
189 3149 278 3185 mihi
300 3150 481 3199 significat
496 3164 571 3187 nox
586 3180 595 3197 ,
615 3160 652 3187 et
670 3152 848 3200 angulus,
875 3160 911 3188 et
929 3161 1085 3188 ornatus
1151 3152 1231 3187 aliis
1248 3152 1293 3186 sit
1311 3151 1442 3195 nimia,
1462 3151 1497 3187 in
1520 3152 1599 3187 aliis
1616 3154 1728 3188 nulla.
1751 3157 1912 3190 Istorum
1932 3154 2055 3190 dicere
2072 3166 2142 3196 est,

90 3208 334 3245 meretricius.
359 3212 537 3259 Suspecta
560 3219 612 3246 est
636 3210 723 3246 mihi
748 3211 870 3246 (minis
894 3210 1084 3255 doctrina,
1152 3220 1187 3247 et
1209 3211 1360 3260 quidem
1381 3224 1492 3260 quam
1516 3212 1645 3248 misere
1675 3221 1746 3248 tam
1773 3227 1858 3248 iere
1878 3228 1884 3249 :
1914 3218 1992 3249 Non
2016 3215 2139 3249 invem

143 3339 148 3353 ¹
172 3334 250 3364 psat.
275 3345 408 3371 mxxxix,
433 3339 483 3365 1³.
574 3342 584 3357 ²
607 3340 719 3368 Jerem.
744 3349 810 3375 xii,
842 3341 855 3368 7
964 3337 970 3357 5
998 3340 1063 3368 lsai⁴
1093 3351 1120 3373 ι,
1143 3343 1170 3368 8.
1258 3339 1264 3363 δ
1287 3339 1328 3368 td.
1354 3351 1404 3368 iix
1424 3363 1430 3371 .
1457 3342 1505 3369 1ἰ.
1535 3359 1538 3361 -
1611 3338 1620 3355 ”
1643 3343 1731 3369 ttoni.
1758 3352 1785 3371 ι.
1815 3346 1869 3371 18,
1907 3347 1933 3367 ἰ·
2022 3345 2025 3357 ¹
2054 3345 2123 3370 l'iox

95 3396 153 3415 vii.
178 3405 200 3407 ῌ
229 3392 241 3415 7
261 3387 371 3417 ΔῊιἹΙΙΙι.
394 3399 421 3421 x,
446 3391 492 3418 Ιί,
