2418 3949
156 248 230 294 97‘7

153 334 270 371 solius
288 334 357 371 Dei
373 334 582 371 miserentis
602 342 670 370 est.
695 336 854 383 Superat
870 342 991 370 autem
1011 331 1181 369 omnes⁴³

904 259 968 293 DE
997 256 1193 293 PASSION
1197 257 1225 290 E
1254 256 1444 292 DOMINI.

1187 330 1262 367 ⁷ris
1283 331 1503 380 fragrantia,
1530 332 1656 368 nullus
1687 334 1843 382 ignorat.
1871 333 2119 371 Attendamus
2139 348 2201 372 er-

2122 257 2198 295 978

154 394 292 431 odores
312 395 480 431 omnium
502 394 681 430 virtutum
703 394 807 430 uncti
830 397 917 430 Jesu
939 393 1036 429 odor
1060 405 1142 429 cru·
1161 397 1193 430 A
1209 403 1256 439 go
1273 418 1282 434 ‚
1304 391 1389 438 quis
1409 399 1445 426 ct
1470 400 1634 439 quantus
1658 393 1752 441 ignis
1773 394 1923 443 corpori
1948 403 2084 430 nostrae
2108 395 2202 431 Vitis

154 453 273 497 cinxi,
292 452 357 489 ubi
386 453 566 502 perfectio
592 452 782 502 praecipue
803 450 1021 496 efflorebat,
1043 460 1080 487 et
1097 451 1144 488 de

155 511 310 549 floribus
330 513 529 549 vulnerum
552 525 705 548 suorum
729 509 1028 549 inaestimabilem
1050 510 1144 546 odo-

155 584 232 608 rem
265 572 441 609 effundit.
464 575 599 609 Fracto
625 572 724 608 enim
757 570 943 608 alabastro
971 570 1144 606 mundis-

154 630 236 667 simi
255 632 425 681 corporis
444 631 634 680 virginalis
651 630 770 668 dulcis
787 634 888 674 Jesu,
908 629 1068 666 effusum
1089 637 1144 665 est

155 699 386 738 unguentum
408 690 646 727 sacratissimi
663 689 866 738 sanguinis.
888 692 972 738 Ipsa
990 701 1143 737 quoque

154 748 301 793 anima,
321 749 358 784 in
375 761 450 797 qua
465 749 544 784 sine
563 747 681 784 dubio
698 746 892 784 redolebat
910 755 1143 797 unguentum

153 807 306 855 spiritus
330 807 578 856 septiformis,
607 807 762 850 emissa,
791 806 962 842 dilatatus
998 814 1034 842 ct
1063 805 1142 842 dis-

155 878 286 914 persus
307 874 363 902 est
385 866 481 902 odor
503 866 593 903 Vitis
614 874 752 902 nostrae
775 866 944 902 florentis
971 879 1046 902 non
1076 878 1143 915 per

153 931 270 960 terras
291 925 439 968 solum,
461 924 525 960 sed
553 933 590 960 et
618 938 685 973 per
711 924 880 969 inferos3
910 933 947 960 et
977 925 1143 961 suscitati

151 993 238 1021 sunt
267 985 427 1031 mortui,
450 985 515 1034 qui
539 993 612 1021 tam
640 985 686 1021 ad
710 984 825 1020 vitam
858 985 1029 1034 corporis
1056 984 1143 1032 qui-

152 1042 263 1088 dem,
288 1056 400 1092 quam
435 1043 482 1080 ad
511 1043 624 1079 vitam
651 1043 783 1079 animae
820 1042 990 1090 quotidie
1027 1041 1143 1078 susci-

154 1111 292 1147 tantur,
326 1103 413 1152 quia
439 1102 575 1139 domus
610 1102 767 1147 Christi,
794 1100 831 1137 id
863 1109 919 1137 est
956 1100 1140 1143 Ecclesia,

151 1163 306 1212 impleta
340 1170 397 1198 est
430 1175 477 1198 ex
510 1161 628 1198 odore
663 1161 846 1209 unguenti
877 1168 1015 1196 nostrae
1048 1159 1142 1195 vitis

152 1221 341 1270 praecipue
368 1221 406 1256 in
436 1220 610 1270 passione
641 1220 820 1256 florentis.
852 1219 1068 1256 Conscissus
1088 1225 1144 1253 est

149 1293 278 1317 saccus
298 1280 468 1329 corporis
493 1280 647 1316 Domini
665 1283 775 1322 Jesu,
797 1278 1013 1315 ceciderunt
1028 1290 1143 1327 grana

150 1340 439 1390 sanguincarum
461 1348 663 1389 guttarum,
685 1352 768 1388 quae
791 1338 914 1374 adhuc
929 1351 949 1374 a
969 1337 1142 1374 fidelibus

151 1407 275 1436 niente
306 1399 429 1448 colligi
458 1406 638 1449 possunt,
659 1406 696 1434 et
729 1396 776 1434 ab
806 1396 1073 1433 accedentibus
1096 1397 1142 1433 ad

150 1472 302 1496 crucem
332 1459 493 1496 fideliter
514 1472 557 1495 ac
591 1458 726 1494 devote
754 1458 998 1507 colliguntur.
1022 1459 1142 1493 Preti—

150 1518 342 1555 osissimus
377 1531 471 1554 vero
510 1517 705 1554 thesaurus
740 1524 778 1553 et
809 1515 1139 1565 incomparabilis,

149 1585 265 1625 guttae
289 1585 379 1613 sunt
406 1576 598 1625 sanguinis
623 1579 712 1612 Jesu
744 1574 893 1613 Christi.

207 1637 290 1674 145.
311 1635 458 1674 Accede
477 1636 550 1672 huc
564 1663 572 1679 ,
594 1650 617 1672 o
639 1635 758 1671 lidelis
778 1635 922 1679 anima,
943 1643 980 1671 et
1010 1635 1141 1683 collige

150 1696 217 1733 tibi
233 1697 410 1746 reliquias
423 1697 619 1745 epularum
640 1695 769 1745 spousi
790 1695 864 1740 tui;
883 1695 994 1731 micas
1011 1695 1141 1744 gratis-

149 1757 260 1793 simas
275 1783 284 1801 ‚
313 1756 401 1792 folia
421 1769 605 1793 rosarum.
629 1758 722 1791 Ecce
746 1755 783 1791 in
804 1762 945 1803 quanta
964 1754 1137 1790 multitu-

148 1816 236 1853 dine
258 1815 441 1852 distillant
471 1815 517 1852 de
546 1813 721 1851 manibus
743 1814 853 1850 simul
888 1822 925 1849 et
955 1812 1138 1862 pedibus,

1210 450 1404 498 appositus
1438 451 1559 487 suerit.
1600 452 1797 501 Plagrabat
1833 453 1991 489 interius
2024 453 2201 490 incendio

1209 508 1398 543 charitatis
1426 509 1640 554 immensae,
1671 511 1835 547 exterius
1855 512 2040 560 passionis
2065 512 2200 548 ardore

1209 567 1443 603 verissimum
1460 596 1469 612 ,
1501 577 1537 604 et
1556 570 1809 618 gratissimum
1827 600 1836 616 ,
1854 579 1890 607 et
1910 571 2198 608 saluberrimum

1207 627 1468 662 holocaustum
1486 628 1520 663 in
1536 642 1599 664 ara
1614 630 1732 665 crucis
1746 631 1944 667 crucifixus
1958 634 2076 668 Jesus.
2089 633 2199 680 Quod

1211 686 1472 722 holocaustum
1519 687 1638 723 simile
1668 689 1754 724 isti?
1782 690 1933 726 Nullum
1970 704 2080 736 vero,
2111 692 2200 740 quia

1211 745 1358 780 nullum
1375 746 1426 781 sie
1448 754 1566 782 totum
1592 747 1786 783 incensum
1808 748 1946 785 dicitur
1964 763 1970 784 :
1994 758 2032 785 et
2051 751 2080 786 si
2101 750 2200 786 istud

1210 803 1405 840 dicebatur
1432 818 1520 840 vere
1554 805 1814 842 holocaustum
1830 835 1839 852 ,
1864 808 1967 855 quod
1993 817 2112 844 totum
2137 823 2199 845 ar—

1210 863 1334 907 debat,
1355 877 1437 899 euni
1457 873 1578 900 tamen
1599 864 1648 901 ibi
1665 866 1813 902 arderet
1832 867 1911 902 sola
1927 880 2037 913 car03
2058 877 2201 916 quanto

1209 923 1336 959 verius
1377 932 1506 960 nostra
1542 925 1690 961 victima
1725 925 1871 961 dicetur
1901 926 2197 972 holocaustum,

1209 982 1313 1030 quod
1349 983 1447 1018 intus
1485 992 1521 1018 et
1568 984 1657 1020 foris
1696 984 2045 1034 incomparabiliter
2087 986 2199 1022 arde-

1209 1041 1300 1077 bat?
1321 1041 1485 1078 Ardebat
1505 1050 1543 1078 et
1577 1051 1677 1078 totus
1705 1043 1942 1089 Laurentius,
1960 1044 2197 1088 Vincentius,

1166 1100 1187 1132 Β
1209 1101 1346 1149 aliique
1375 1114 1487 1148 quarn
1512 1102 1685 1150 plurimi,
1712 1102 1776 1138 sed
1802 1102 1893 1138 nihil
1912 1102 1958 1138 ad
1975 1103 2090 1139 hunc.
2109 1104 2200 1151 Quis

1207 1160 1306 1195 enim
1327 1160 1451 1196 ardori
1469 1160 1628 1196 fornacis
1645 1161 1766 1196 crucis
1783 1161 1934 1210 aliquod
1956 1162 2093 1198 audeat
2111 1176 2201 1212 sup-

1208 1219 1361 1268 plicium
1383 1221 1696 1269 comparare?De
1713 1233 1788 1268 quo
1803 1220 1976 1269 superius
1998 1233 2066 1257 nos
2084 1222 2201 1257 multa

1209 1279 1448 1315 meminimus
1482 1279 1652 1328 posuisse
1682 1280 1868 1329 exempla.
1897 1283 1950 1316 De
1980 1280 2201 1316 holocausto

1209 1339 1320 1387 igitur
1336 1347 1466 1374 nostro
1485 1339 1664 1374 crucifixo
1679 1342 1766 1375 Jesu
1782 1339 2127 1388 incomparabiliter
2146 1353 2202 1376 ar-

1209 1397 1322 1434 dente
1344 1397 1612 1433 inaestimabilis
1636 1398 1745 1434 nimis
1761 1398 1857 1434 odor
1876 1399 2058 1447 processit
2079 1413 2086 1434 :
2106 1398 2202 1435 odo-

1208 1465 1386 1505 ratusque
1404 1466 1458 1493 cst
1478 1457 1664 1493 Dominus
1686 1461 1787 1494 Deus
1808 1461 1917 1494 Pater
1942 1458 2097 1494 odorem
2119 1471 2203 1494 sua-

1207 1517 1353 1559 vitatis,
1388 1525 1424 1552 et
1457 1515 1652 1552 benedixit
1686 1516 1796 1553 nobis
1812 1545 1821 1561 ,
1856 1518 2067 1566 avertitque
2107 1518 2199 1554 iram

1206 1576 1477 1625 indignationis
1499 1589 1576 1611 suae
1597 1576 1708 1625 longe
1732 1589 1751 1612 a
1777 1575 1886 1613 nobis
1903 1604 1912 1620 ‚
1941 1589 2030 1625 pace
2056 1576 2201 1626 integre

1206 1636 1433 1679 reformata,
1470 1643 1506 1671 et
1537 1635 1719 1683 sanguine
1753 1634 1955 1671 rubicundi
1997 1639 2086 1671 Jesu
2126 1643 2199 1671 tam

1207 1703 1360 1740 nostro,
1380 1707 1492 1743 quam
1510 1694 1627 1743 ipsius
1648 1694 1829 1743 participe
1844 1695 1944 1743 pacis
1962 1702 2110 1730 aetcrnae
2131 1694 2202 1731 ob-

1209 1754 1287 1790 side
1319 1754 1514 1790 existente.
1539 1753 1807 1791 odoraverunt
1833 1762 1868 1789 et
1897 1754 1957 1790 alii
1985 1754 2113 1803 plures
2151 1754 2200 1790 ab

1208 1814 1353 1850 oriente
1373 1822 1409 1849 et
1430 1812 1626 1849 occidente
1639 1841 1648 1857 ,
1672 1812 1719 1849 ab
1735 1814 1912 1862 aquilone
1938 1822 1974 1849 et
1992 1813 2201 1850 meridiano

150 1888 296 1912 necnon
326 1883 364 1911 et
383 1874 429 1911 de
446 1875 561 1910 latere
581 1873 788 1910 dulcissimi
817 1873 984 1909 crucifixi
1005 1873 1141 1910 Christi
1164 1873 1190 1908 C
1207 1882 1465 1918 accurrentes,
1483 1881 1518 1908 ct
1542 1872 1588 1908 ad
1607 1872 1677 1908 hoc
1698 1872 1901 1908 dulcissimi
1920 1872 2048 1909 odoris
2063 1886 2202 1922 eorpus

147 1939 250 1971 Jesu.
277 1938 359 1972 Non
396 1942 452 1970 est
477 1933 633 1970 morbus
653 1934 808 1979 animae,
827 1933 884 1969 cui
905 1933 963 1969 his
985 1933 1142 1969 floribus

150 1994 291 2031 mederi
308 2007 385 2031 non
406 1993 538 2043 possis.
564 1993 705 2041 Collige
727 2000 873 2029 tantum
897 1992 983 2029 solia
1006 1993 1140 2028 florum

150 2054 319 2091 florentis
348 2057 460 2100 Jesu,
486 2054 601 2090 stillas
629 2052 821 2101 sanguinis
848 2051 1050 2088 rubicundi
1075 2066 1081 2087 :
1105 2060 1142 2088 et

150 2122 326 2162 tanquam
351 2114 507 2164 pilulas,
530 2113 610 2150 sine
627 2112 764 2161 quibus
785 2124 864 2148 esse
885 2112 995 2156 nolo,
1014 2112 1051 2147 in
1073 2125 1141 2148 eu—

149 2173 275 2210 biculo
301 2173 425 2211 cordis
443 2174 497 2210 tui
521 2172 698 2209 reconde.
719 2172 798 2208 Erit
819 2171 886 2207 tibi
909 2172 1055 2208 illarum
1081 2184 1141 2208 sa·-

149 2245 220 2281 por
243 2241 280 2269 et
297 2233 394 2269 odor
418 2232 456 2269 in
481 2232 704 2269 medicinam
736 2230 923 2268 salubrem
939 2259 948 2276 ,
967 2229 1117 2267 morbos
1131 2259 1140 2275 ‚

147 2291 177 2327 si
194 2292 258 2340 qui
275 2292 432 2338 suerint,
449 2291 693 2341 repellentem
707 2319 717 2336 ,
734 2299 991 2339 venturosque
1007 2302 1142 2326 caven-

150 2359 236 2388 tem.
264 2351 358 2388 Vide
391 2359 562 2396 tantum,
582 2364 629 2387 ne
658 2362 825 2399 unquam
852 2349 931 2385 sine
957 2349 1028 2385 illis
1061 2361 1140 2384 esse

148 2409 262 2455 velis,
284 2423 369 2459 quae
395 2423 484 2446 vere
505 2421 643 2445 nomen
665 2408 826 2453 liabent,
850 2406 1021 2456 quolibet
1042 2406 1140 2443 lideli

147 2468 316 2513 dicente,
337 2469 418 2505 sine
435 2467 572 2518 quibus
591 2480 671 2504 esse
692 2468 793 2503 nolo.
813 2466 930 2503 Hauri
951 2479 1041 2515 ergo
1061 2474 1140 2502 toto

147 2527 271 2565 cordis
291 2528 342 2565 tui
364 2529 500 2565 affectu
519 2527 676 2564 odorem
696 2527 790 2564 Vitis
807 2539 904 2563 verae
923 2529 1010 2562 Jesu
1029 2526 1138 2563 Chri-

148 2587 194 2623 sti
228 2587 429 2632 Nazareni,
449 2596 487 2624 et
515 2587 700 2623 delectare
727 2587 762 2622 in
791 2585 880 2631 illo,
905 2585 1000 2622 sicut
1031 2588 1140 2621 Pater

1209 1932 1386 1969 floridum
1417 1932 1654 1981 congregati,
1683 1940 1723 1967 ut
1751 1931 1797 1967 de
1828 1944 1873 1967 eo
1896 1944 1934 1967 se
1960 1932 2117 1977 satient,
2137 1932 2201 1967 illo

1209 2001 1331 2028 tamen
1352 1993 1500 2041 integro
1524 2001 1790 2041 permanente,
1812 1992 2065 2041 impleverunt
2083 1992 2201 2041 ipsius

1208 2052 1411 2088 dulcissimi
1427 2056 1514 2088 Jesu
1533 2051 1689 2087 verbum
1712 2051 1870 2087 dicentis
1888 2066 1895 2087 :
1918 2049 2108 2098 Ubisnerit
2124 2065 2201 2086 cor-

1204 2125 1297 2158 pus,
1330 2112 1379 2146 ibi
1409 2111 1730 2159 congregabuntur
1752 2121 1787 2146 et
1815 2114 1956 2158 aquiloe
1968 2111 1994 2146 ³.
2021 2111 2092 2148 Sed
2121 2110 2198 2159 jam

1208 2183 1284 2206 non
1314 2169 1429 2206 cruda
1458 2183 1545 2205 caro
1575 2170 1643 2205 ista
1675 2169 1905 2213 comeditur,
1935 2169 2075 2219 optime
2107 2183 2198 2219 per-

1207 2238 1312 2266 cocta
1328 2243 1412 2265 cum
1426 2230 1469 2265 sit
1488 2229 1628 2277 duplici
1646 2229 1731 2277 igne
1744 2229 1935 2264 charitatis
1951 2237 1987 2264 et
2004 2229 2198 2277 passionis.

1206 2289 1318 2326 Unde
1336 2298 1410 2325 tam
1432 2287 1642 2324 delectabili
1662 2288 1780 2324 odore
1795 2287 1966 2323 inebriati
1985 2300 2060 2323 non
2079 2288 2199 2324 solum

1208 2349 1276 2384 viri
1297 2357 1429 2384 natura
1451 2348 1648 2391 fortiores,
1671 2347 1736 2383 scd
1755 2355 1791 2382 et
1823 2346 2053 2396 virgunculae
2075 2354 2201 2382 tener-

1207 2409 1310 2444 rimae
1335 2415 1502 2457 currunt
1518 2415 1596 2442 toto
1615 2406 1740 2442 cordis
1761 2406 1895 2441 affectu
1910 2434 1918 2450 ‚
1943 2404 2121 2441 omnibus
2143 2405 2200 2440 vi-

1206 2467 1310 2503 ribus
1333 2467 1447 2503 animi
1465 2466 1512 2502 ad
1530 2466 1681 2502 delicias
1704 2466 1840 2509 crucis,
1859 2464 2029 2500 hausturi
2050 2464 2201 2500 delicias

1205 2526 1330 2562 cordis
1350 2526 1426 2570 sui,
1447 2533 1629 2574 quantum
1655 2526 1691 2561 in
1719 2525 1893 2574 praesenti
1920 2525 1995 2560 vita
2025 2524 2109 2559 licet
2127 2536 2200 2559 un-

1204 2593 1431 2634 guentorum
1458 2584 1704 2620 defluentium
1731 2584 1883 2633 largiter
1903 2583 1950 2619 ab
1979 2583 2201 2619 holocausto

147 2647 307 2683 eoelestis
339 2647 377 2682 in
398 2647 463 2682 illo
493 2646 697 2682 delectatus
718 2645 807 2689 suit,
831 2653 873 2680 ut
900 2657 988 2681 vere
1017 2644 1189 2681 dicereD
1207 2652 1337 2679 nostro
1360 2652 1433 2679 tani
1461 2643 1595 2679 validis
1622 2642 1770 2691 ignibus
1794 2643 1959 2678 ardente.

149 2705 315 2754 potuerit
331 2719 338 2741 ε
363 2707 458 2739 Ecce
477 2706 568 2739 odor
572 2705 656 2750 filii
669 2707 742 2739 mei
756 2707 848 2738 sicut
863 2705 955 2737 odor
967 2706 1049 2750 agri
1060 2705 1141 2749 ple·

148 2766 204 2807 υἱ,
229 2768 288 2799 cui
306 2763 493 2799 bemvliaeit
511 2765 691 2798 Dominus
710 2769 732 2798 ¹.
751 2766 846 2799 Vere
863 2765 968 2809 pleni
978 2790 987 2805 ,
1010 2762 1047 2797 in
1065 2774 1140 2809 quo

151 2823 293 2860 habitat
313 2823 436 2860 omnis
453 2822 652 2873 plenitudo
672 2821 896 2866 divinitatis,
914 2821 949 2856 in
967 2833 1044 2869 quo
1058 2834 1141 2856 om-

150 2896 215 2920 ncs
249 2883 413 2920 thesauri
452 2881 643 2933 sapientire
679 2889 715 2917 et
750 2880 915 2916 scientiae
955 2879 1140 2916 reconditi

150 2951 237 2979 sunt
256 2948 281 2978 ².

207 3001 290 3038 146.
320 3005 383 3038 Est
419 3009 541 3037 autem
574 3000 695 3037 adhuc
726 3012 857 3044 causa,
890 3011 1006 3047 quare
1039 3006 1142 3033 tanto

150 3061 356 3097 Crucifixus
378 3060 495 3096 odore
525 3059 756 3108 fragraverit.
779 3058 949 3095 Modicus
975 3059 1032 3094 vel
1056 3059 1142 3094 nul-

151 3120 207 3156 lus
226 3128 281 3156 cst
301 3119 398 3156 odor
415 3120 586 3168 corporis
599 3118 798 3167 cujuslibet
815 3117 986 3154 animalis
1011 3117 1141 3152 vix-vn-

151 3180 222 3216 tis:
246 3179 310 3216 sed
336 3193 419 3216 cum
449 3179 526 3227 igni
553 3192 640 3215 caro
665 3178 837 3227 apposita
865 3177 997 3219 suerit,
1027 3189 1140 3224 quam

151 3239 297 3283 suavis,
320 3252 431 3287 quam
462 3237 692 3274 delectabilis
716 3237 802 3273 iudc
834 3235 1008 3285 procedat
1046 3235 1142 3270 odu-

203 3371 207 3383 ¹
230 3368 306 3392 (ὶι-ιι,
329 3374 442 3396 xxvii,
467 3366 518 3393 27.
543 3382 550 3383 ff
603 3363 739 3392 'tiuluss⁴
761 3374 780 3390 ιι
800 3386 806 3398 ,
830 3365 847 3389 ¹]
865 3385 869 3396 ,
890 3365 917 3389 Ji,

1001 3359 1099 3391 '’Lur.
1117 3371 1186 3389 xxii
1204 3385 1209 3391 .
1229 3363 1281 3390 5:7⁴

1252 2702 1336 2738 147.
1354 2704 1436 2737 Non
1455 2715 1586 2750 parum
1601 2702 1700 2737 cnim
1721 2701 1920 2737 delicatum
1938 2699 2104 2735 ardentis
2120 2713 2202 2735 cor—

1207 2762 1308 2810 poris
1332 2761 1484 2796 adauxit
1515 2760 1671 2796 odorein
1705 2759 1957 2808 spiritualium
1983 2768 2200 2808 unguento-

1208 2833 1289 2856 rum
1318 2819 1427 2863 odor,
1458 2819 1494 2855 id
1528 2828 1604 2863 cst,
1639 2820 1888 2869 gratuitorum
1919 2819 2090 2858 collatio,
2116 2832 2199 2867 qua·

1210 2887 1293 2928 post
1316 2878 1525 2928 passionem
1548 2892 1568 2913 a
1592 2878 1754 2914 Domino
1781 2882 1868 2914 Jesu
1902 2878 2095 2927 Apostolis
2114 2886 2198 2914 sunt

1208 2939 1354 2973 collata.
1380 2941 1475 2972 Anu·
1500 2938 1711 2986 passionem
1732 2937 1832 2973 euim
1851 2937 2012 2986 Spiritus
2030 2937 2198 2972 nondum

1208 3007 1287 3034 crat
1313 2998 1441 3039 datus,
1459 2998 1546 3046 quia
1566 3001 1674 3034 Jcsus
1704 2998 1873 3033 noudum
1906 3006 1984 3033 crat
2010 2998 2198 3045 glorifica·

1209 3066 1266 3092 tus
1287 3066 1316 3091 ⁴:
1341 3057 1536 3092 humiliato
1570 3065 1693 3093 autem
1724 3066 1760 3093 et
1793 3057 1955 3092 exaltato
1995 3057 2058 3105 pio
2085 3060 2196 3093 Jesu.

1208 3115 1364 3151 delinxit
1386 3125 1618 3164 unguentum
1638 3116 1797 3165 Spiritus
1819 3116 1934 3151 sancti
1954 3130 1976 3149 a
1994 3120 2136 3163 cupite,
2162 3115 2197 3151 id

1207 3184 1286 3217 cst,
1307 3188 1327 3210 a
1350 3175 1520 3218 Christo,
1544 3176 1646 3212 idest
1666 3184 1800 3219 uncto,
1820 3191 1857 3210 m
1880 3176 2044 3216 lun-leam,
2069 3175 2103 3210 id
2123 3184 2174 3210 cst
2191 3205 2199 3214 ,

1209 3236 1244 3270 in
1267 3248 1331 3270 cos
1351 3235 1414 3282 qui
1441 3235 1596 3271 viriliter
1614 3245 1770 3284 egerunt
1799 3245 1831 3270 ct
1864 3235 2062 3270 consui-tati
2091 3244 2172 3268 sunt
2191 3263 2198 3272 ,

1364 3365 1374 3383 ⁴
1392 3363 1642 3398 J··.··n.v11‚30.
