2418 3949
178 246 275 285 1273

879 246 1039 281 SERMO
1068 246 1117 280 IN
1148 245 1300 280 COENA
1328 239 1517 281 DOMINI}

2118 242 2215 283 1274

173 323 350 372 quaelibet
379 320 592 358 transitoria
618 320 708 357 nihil
734 320 885 358 ducere.
913 325 994 358 Hoc
1013 329 1069 358 est
1090 320 1430 370 bo-ssfflabnegatio
1461 329 1498 357 et
1527 320 1657 357 beatus
1688 327 1947 371 contemptus,
1970 320 2035 370 qui
2061 321 2147 359 facit
2172 323 2219 359 de

173 396 263 419 num
277 412 286 429 ,
306 383 376 419 hoc
392 390 448 418 est
460 380 670 430 jucundum
687 410 695 426 ,
713 380 765 417 sic
785 380 940 429 diligere
955 381 1159 417 Dominum
1177 391 1207 425 Α
1229 388 1425 429 peccatore
1441 379 1599 428 justum,
1617 380 1662 415 de
1680 380 1833 416 inimico
1850 381 2008 417 amicum
2021 410 2030 426 ,
2049 381 2094 418 de
2108 395 2217 418 servo

172 445 299 478 Jesum
317 441 519 478 Christum.
542 440 613 487 Qui
634 440 746 490 igitur
763 440 814 476 sic
830 448 904 487 est,
921 439 1003 488 ejus
1022 440 1162 476 amicus

172 508 240 537 est.

226 560 261 596 ft.
282 558 571 597 Consideremus
593 558 729 608 igitur,
753 559 885 596 fratres
905 559 998 603 mei,
1022 566 1161 607 quanta

171 627 227 654 est
255 617 510 655 misericordia
540 618 804 668 Redemptoris
831 618 961 656 nostri.
990 617 1049 655 Ab
1079 618 1162 667 ipso

171 678 338 727 reputari
369 678 467 714 servi
494 691 571 715 non
596 691 725 714 sumus
748 678 849 728 digni
871 691 878 713 ε
902 686 939 714 et
956 676 1037 726 ejus
1053 676 1162 713 amici

171 750 351 773 vocamur
375 745 412 773 et
435 750 583 783 sumus,
600 737 630 773 si
650 737 686 772 in
708 735 789 785 ejus
809 736 1009 773 dilectione
1031 748 1161 772 mane-

170 796 307 833 bimus.
336 800 443 833 Nunc
465 809 555 846 ergo
579 796 732 832 Domini
757 796 897 842 nostri,
918 795 999 832 veri
1027 794 1160 841 amici,

170 857 349 893 creatoris
380 857 574 902 onmium,
607 856 756 893 factoris
789 855 959 892 omnium
989 854 1163 890 mandata

169 929 363 953 servemus
381 931 388 953 :
412 925 452 953 ut
468 930 545 952 non
564 916 684 951 solum
701 916 738 951 in
756 927 914 951 numero
934 914 1156 958 amicorum,

169 976 234 1012 sed
251 976 290 1012 in
308 984 408 1012 sorte
427 976 588 1012 filiorum
607 974 773 1024 reputari
790 983 825 1010 et
841 987 920 1010 esse
932 984 1156 1016 mereamur,

168 1035 390 1084 abnegando
416 1036 666 1086 nosmetipsos
684 1043 840 1085 propter
862 1034 1006 1084 ipsum,
1030 1032 1095 1081 qui
1119 1044 1158 1068 se

1228 439 1368 484 iilium3
1390 439 1487 485 imo,
1505 439 1606 488 quod
1625 452 1800 489 magnum
1819 449 1873 477 est
1889 440 2017 485 nimis,
2041 440 2086 476 de
2106 454 2217 478 servo

1228 498 1367 534 diaboli
1382 499 1497 534 filium
1513 499 1595 535 Dei.
1616 499 1746 547 Igitur,
1764 500 1946 535 monache
1961 500 2113 547 Christi,
2131 514 2219 536 con-

1229 565 1394 606 temptor
1408 558 1554 602 mundi,
1571 566 1649 594 esto
1663 567 1902 608 contemptor
1920 559 1971 595 tui
1994 573 2000 594 τ
2019 568 2218 596 contemne

1229 616 1430 661 mundum,
1460 625 1659 653 contemne
1689 626 1722 654 te
1750 618 1885 666 ipsum.
1915 619 2031 655 Nimis
2055 628 2111 655 est
2136 633 2217 656 ma-

1228 688 1341 724 gnum
1354 705 1364 721 ,
1384 676 1486 724 quod
1505 675 1665 712 debetur
1682 685 1744 713 tuo
1765 678 2016 727 contemptui,
2034 678 2136 727 quod
2156 678 2217 715 de-

1227 734 1338 771 betur
1363 743 1434 771 tuae
1457 734 1709 784 abnegationi.
1724 736 1997 774 Inzestimabilis
2013 746 2067 773 est
2084 738 2215 774 multi—

1228 794 1320 831 tudo
1340 794 1549 832 dulcedinis
1564 824 1573 841 ,
1595 795 1796 832 multitudo
1825 797 2024 841 felicitatis,
2045 797 2216 846 gloriosae

1229 854 1469 900 aeternitatis,
1489 868 1600 903 quam
1622 854 1777 891 daturus
1794 864 1849 891 est
1869 856 2058 901 Christus,
2077 857 2217 893 scilicet

1228 927 1266 950 se
1295 915 1443 964 ipsum,
1463 914 1706 965 diligentibus
1723 928 1774 952 se.
1796 915 1894 952 Nihil
1923 916 2070 953 charius
2085 945 2094 961 ,
2123 917 2216 954 nihil

1225 973 1390 1019 dulcius,
1412 974 1502 1010 nihil
1527 974 1752 1024 pretiosius,
1776 975 1868 1011 nihil
1889 975 2093 1024 speciosius
2115 976 2218 1013 Chri-

1225 1042 1294 1070 sto.
1316 1037 1401 1084 Ipse
1430 1034 1528 1070 salus
1550 1034 1629 1070 sine
1658 1034 1860 1083 languore,
1879 1034 1955 1070 vita
1971 1035 2050 1071 sine
2073 1044 2215 1081 morte,

168 1095 291 1145 ipsum
315 1096 545 1141 exinanivit,
567 1104 603 1131 et
626 1108 694 1144 pro
714 1102 843 1130 nostra
862 1093 980 1130 salute
1001 1092 1157 1127 formam
1178 1096 1204 1129 B
1221 1093 1398 1142 gaudium
1430 1093 1508 1129 sinc
1542 1106 1702 1129 moerore
1716 1121 1725 1137 ,
1748 1094 1862 1129 decus
1888 1093 1967 1130 sine
1988 1095 2214 1141 fuscatione,

168 1155 267 1191 servi
297 1155 482 1204 suscepit,
508 1155 546 1190 in
569 1167 643 1203 qua
665 1153 778 1190 solvit
806 1164 887 1201 quae
913 1164 990 1188 non
1016 1151 1157 1201 rapuit,

168 1215 233 1264 qui
262 1215 440 1264 flagellari
459 1223 496 1250 et
519 1213 693 1257 mactari,
714 1212 880 1261 cruciligi
899 1219 935 1247 et
953 1210 1071 1247 occidi
1088 1223 1158 1260 pro

166 1274 278 1311 nobis
293 1275 426 1311 voluit.
442 1278 523 1310 Hoc
537 1282 592 1310 est
605 1273 705 1309 unde
722 1272 834 1309 debet
850 1271 953 1320 diligi
968 1271 1155 1309 Christus:

166 1333 236 1369 boc
256 1342 311 1370 est
327 1333 427 1371 unde
449 1342 576 1370 noster
592 1333 663 1370 erit
679 1332 864 1370 Dominus
883 1336 1008 1376 Jesus,
1027 1332 1055 1367 si
1074 1345 1158 1381 pro-

165 1400 250 1441 pter
281 1392 405 1442 ipsum
433 1392 684 1441 nosmetipsos
709 1390 1031 1440 abnegaverimus.
1054 1391 1157 1428 Felix

437 1716 651 1782 ITEM
714 1715 806 1781 IN
867 1711 1159 1782 COENA

1225 1153 1388 1189 dulcedo
1415 1153 1494 1189 sine
1514 1153 1776 1189 amaritudine.
1803 1154 1891 1189 Tale
1917 1155 2113 1202 praemium
2150 1155 2217 1191 de-

1224 1212 1337 1249 betur
1378 1212 1652 1262 abnegantibus
1695 1226 1733 1249 se
1773 1221 1932 1262 propter
1971 1214 2090 1249 illum.
2135 1218 2216 1251 Hoc

1225 1273 1444 1323 praemiuni,
1475 1273 1615 1309 scilicet
1648 1286 1686 1309 se
1724 1273 1869 1322 ipsum,
1899 1271 2008 1309 nobis
2036 1274 2217 1310 concedat

1223 1333 1303 1382 ipse
1322 1332 1505 1377 Christus,
1523 1333 1587 1381 qui
1604 1333 1683 1368 sine
1706 1334 1778 1369 fine
1800 1333 1891 1368 vivit
1912 1341 1948 1369 et
1968 1342 2098 1383 regnat
2116 1337 2217 1370 Deus

1223 1391 1442 1427 benedictus
1464 1392 1500 1427 in
1521 1392 1655 1428 saecula
1675 1392 1910 1429 saeculorum.
1931 1395 2063 1429 Amen.

1220 1713 1545 1781 DOMINI
1610 1715 1943 1784 SERMO.

213 2063 326 2102 Hune
354 2076 574 2101 sermonem
591 2092 601 2110 ,
628 2063 669 2099 in
701 2061 899 2113 prioribus
924 2061 1038 2099 editis
1063 2062 1167 2100 inter
1193 2062 1455 2101 Bernardinos
1485 2061 1678 2110 relatum,
1710 2062 1788 2100 huc
1816 2063 1972 2114 rejicere
2000 2064 2129 2102 visum
2158 2074 2215 2103 est

159 2144 250 2168 cum
278 2129 532 2180 subsequenti
558 2141 759 2175 sermone,
781 2135 917 2177 utpote
939 2140 962 2164 a
982 2126 1168 2165 Bernardi
1197 2127 1285 2166 stilo
1307 2136 1346 2166 et
1369 2128 1483 2179 genio
1510 2126 1697 2165 alienum.
1722 2127 1812 2165 Non
1841 2129 2036 2179 reperitur
2056 2130 2095 2166 in
2123 2143 2214 2167 me-

159 2193 264 2232 lioris
289 2202 388 2232 notae
415 2192 636 2241 codicibus,
658 2193 727 2244 qui
748 2192 915 2230 sinceros
944 2199 1101 2230 tantum
1121 2192 1310 2231 Bernardi
1333 2206 1531 2231 sermones
1557 2194 1778 2241 continent,
1803 2208 1871 2232 nec
1894 2195 1933 2232 in
1961 2195 2099 2246 primis
2122 2195 2216 2234 Ber-

158 2259 270 2297 nardi
298 2259 506 2310 impressis.

803 2417 815 2420 ,
831 2400 1566 2423 .ᾃ----ἱΰΰο’ῧῧ’ὓῦῃ-ψ.--.

213 2571 244 2605 l.
279 2570 416 2605 Smliscc'
444 2569 496 2603 acl
512 2581 676 2603 mensam
695 2569 850 2604 divitis?
867 2569 1069 2616 diligenter
1090 2576 1150 2604 at·
1170 2571 1196 2606 C
1217 2576 1289 2605 tem
1310 2568 1560 2618 impinguant.
1580 2572 1672 2617 Quae
1691 2576 1814 2605 autem
1833 2576 2066 2616 sequuntur,
2087 2569 2123 2605 id
2142 2578 2212 2614 est,

156 2630 266 2664 ‘cesule
296 2641 382 2675 quw
408 2635 648 2674 apponuntur
672 2626 740 2661 tibi
754 2641 766 2670 ,·
797 2635 833 2662 et
859 2631 948 2663 scito
977 2632 1149 2675 quoniam

157 2691 254 2723 talia
282 2695 421 2735 oportet
442 2695 476 2721 te
495 2699 720 2733 prceparare
738 2693 761 2722 ¹.
783 2689 826 2722 In
846 2686 973 2723 verbis
993 2687 1070 2723 istis
1092 2688 1151 2723 lo-

154 2746 285 2797 quitur
304 2746 463 2795 Spiritus
480 2745 624 2782 consilii
645 2759 738 2782 voce
759 2746 864 2782 suavi
880 2774 889 2791 ,
909 2746 972 2782 sed
990 2755 1026 2782 et
1048 2746 1153 2782 terri-

158 2807 238 2843 bili.
271 2810 353 2844 Vox
385 2806 509 2842 suavis
541 2814 620 2850 est,
653 2805 718 2842 sed
747 2804 1015 2842 obedientibus
1042 2820 1049 2842 :

159 2866 312 2903 terroris
334 2864 677 2901 contemnentibus.
698 2864 984 2915 Reeipientibus
1007 2864 1154 2901 deben-

158 2934 218 2962 tur
247 2925 423 2975 praemia,
455 2923 710 2973 rejicientibus
746 2924 980 2961 intentantur
1007 2925 1154 2974 suppli—

154 2987 220 3022 cia.
258 2985 394 3022 Vivent
427 2985 489 3033 qui
526 2985 735 3034 recipiunt,
769 2983 1050 3021 damnabuntur
1085 2985 1148 3033 qui

155 3044 341 3094 rejiciunt.
366 3047 515 3088 Sedis-ti,
543 3044 677 3093 inquit.
707 3047 800 3080 Ecce
828 3044 1055 3093 principium
1083 3043 1149 3080 bu-

150 3104 317 3154 jusmodi
350 3104 552 3140 verborum
585 3112 736 3153 qtiantoe
767 3104 960 3141 suavitatis
999 3105 1150 3154 prae-lert

154 3165 310 3214 insigne.
342 3163 463 3201 Verba
496 3163 747 3213 prcecedentm
787 3163 951 3200 suaviter
986 3171 1148 3208 sonant,

153 3224 327 3260 allectum
350 3225 529 3269 mulcent,
549 3223 644 3260 etde
661 3236 839 3260 sensuum
857 3222 1027 3259 ubertate
1050 3235 1152 3259 nien-

1078 2819 1154 2841 VOX

209 3356 214 3370 ¹
238 3353 326 3379 Prov.
344 3361 447 3385 xxiii,
472 3352 499 3387 1,
523 3354 551 3380 9..
585 3369 615 3372 —-
637 3357 647 3371 ²
667 3350 743 3381 t‘snt.
765 3360 852 3386 mxii,
871 3352 903 3378 11.

1216 2633 1305 2664 scilo
1332 2633 1508 2676 quonjam
1536 2632 1630 2663 talia
1653 2636 1794 2676 oportet
1812 2637 1846 2662 te
1862 2641 2101 2675 pra’luzrare’,
2122 2628 2211 2664 (luni

1217 2687 1447 2723 intellectum
1466 2700 1542 2735 quo
1560 2687 1645 2736 plus
1662 2695 1862 2730 exercent,
1883 2687 1968 2734 plus
1986 2695 2149 2732 terrent,
2166 2688 2213 2724 (le

1217 2745 1414 2782 altitudine
1444 2746 1708 2793 mysteriorum
1732 2745 1826 2780 miro
1854 2745 1966 2780 modo
1994 2759 2061 2781 nos
2085 2746 2212 2782 bumi-

1221 2805 1333 2851 liant,
1359 2804 1436 2840 sive
1462 2812 1619 2853 propter
1645 2803 1904 2853 indignitatem
1924 2813 2109 2850 nostram,
2133 2805 2212 2841 sive

1221 2872 1376 2914 propter
1401 2864 1700 2913 im‘apaeitateni.
1725 2863 1835 2899 Dives
1860 2863 1986 2911 itaque
2011 2873 2046 2899 et
2073 2872 2211 2913 poten-

1222 2923 1385 2959 tissimus
1416 2923 1500 2967 ille,
1534 2922 1719 2959 Dominus
1746 2930 1800 2958 est
1831 2922 2040 2968 virtutum,
2064 2931 2099 2958 et
2133 2924 2212 2972 ipse

1220 2987 1298 3020 Rex
1321 2982 1467 3032 gloriar,
1490 2982 1549 3017 eui
1571 2982 1707 3018 dicitur
1728 2996 1794 3031 per
1814 2982 2037 3031 prophetant
2061 2997 2067 3017 :
2096 2984 2139 3017 Γ(
2156 2985 2212 3018 νί-

1217 3046 1339 3078 derem
1359 3046 1529 3076 vinalem
1549 3050 1647 3076 tuam
1667 3050 1702 3076 ct
1723 3044 1882 3088 gloriam
1898 3051 1999 3077 tuam
2013 3048 2036 3078 ⁹.
2058 3046 2140 3091 lpse
2156 3051 2210 3077 est

1217 3102 1280 3150 qui
1308 3101 1427 3136 aul'ert
1452 3101 1624 3149 spiritum
1648 3101 1863 3150 principum
1882 3130 1890 3146 ,
1913 3101 2089 3138 terribilis
2110 3102 2209 3150 apud

1218 3174 1323 3210 reges
1356 3168 1474 3195 terr-r.
1507 3163 1632 3195 Mensa
1663 3159 1708 3195 ad
1741 3173 1852 3208 quam
1886 3160 2048 3196 resident
2085 3160 2211 3196 lideles

1218 3220 1403 3270 epulaturi
1428 3233 1511 3256 etun
1533 3232 1598 3266 eo,
1623 3220 1827 3257 incarnatio
1850 3220 1965 3269 ipsius
1985 3229 2051 3256 est.
2085 3223 2201 3255 Pam?
