2418 3949
90 234 164 272 273
765 233 813 268 IN
841 230 1070 275 CANTICA,
1100 229 1262 268 SERMO
1290 233 1472 269 XXXIX.
2067 236 2141 273 274

90 312 215 349 nullus
244 310 327 361 ejus
352 318 477 347 motus
502 308 662 346 existere
687 308 798 345 valet.
832 310 925 346 Cum
967 305 1136 344 suerit¹³²
1148 306 1245 344 bene
1258 309 1453 356 volumus,
1467 309 1531 346 sed
1546 308 1690 347 bonum
1711 310 1834 360 ipsum
1855 311 2072 351 affectuose.
2092 314 2145 351 Il-

88 379 217 408 curata
233 370 356 421 grayis
372 369 498 420 passio
510 397 520 415 ,
540 381 617 404 non
636 366 820 413 redditur,
839 366 906 403 sed
925 364 1086 403 resusci—
1103 368 1132 401 A
1150 367 1185 404 la
1202 367 1354 405 libertas
1368 382 1515 419 semper
1530 369 1568 406 in
1586 369 1778 407 voluntate
1798 379 1875 416 est,
1893 371 1962 408 ista
1977 384 2053 409 non
2074 372 2138 409 sic.

89 438 190 467 tatur
211 431 406 479 consopita
426 427 535 465 ratio.
570 427 629 464 Sic
649 434 688 463 et
714 433 914 462 concreata
935 422 1080 460 homini

88 489 241 527 libertas
264 488 430 534 arbitrii,
459 499 535 524 non
561 494 618 523 est
641 486 792 536 penitus
819 485 879 521 vel
901 496 949 520 ex
974 490 1080 532 parte

88 547 213 585 ablata
225 576 236 594 ,
255 547 320 585 sed
338 553 494 597 peccato
510 545 622 595 ligata
637 559 646 582 z
666 544 795 581 eadem
813 551 870 580 est
885 555 970 592 quae
987 542 1081 578 facta

88 615 143 644 est
156 635 166 653 ,
187 607 252 644 sed
273 614 331 644 est
349 606 457 643 aliter
473 604 619 642 affecta.
638 607 706 650 Et,
728 611 771 639 ut
787 602 840 639 sic
862 601 982 638 dicam
995 629 1005 648 ,
1025 607 1082 637 est

88 665 240 703 libertas
259 664 510 711 conditionis,
540 672 598 701 est
624 663 778 700 libertas
799 660 1078 711 dispositionis,

87 732 144 761 est
158 723 310 761 libertas
323 723 543 760 affectionis.
557 723 682 760 Prima
697 730 840 758 naturae
853 728 928 768 est,
942 728 980 756 et
994 719 1080 756 ideo

86 795 236 833 semper
249 781 350 819 bona
363 789 419 818 est
436 796 444 818 :
464 781 529 818 sed
548 781 620 818 nisi
637 789 765 817 sanata
781 780 914 827 fuerit,
935 792 1005 816 nee
1021 792 1081 817 se-

85 841 209 878 cunda
224 841 295 878 erit
311 840 359 878 ad
376 840 518 877 bonum
533 868 543 887 ,
558 852 628 876 nec
646 839 756 876 tertia
768 839 807 875 in
823 838 939 875 bono.
956 838 1081 876 Prima

86 901 126 938 in
145 901 306 938 naturali
321 899 532 950 aptitudine
547 899 738 945 consistit,
758 898 921 935 secunda
933 927 943 945 ‚
959 898 998 934 in
1017 897 1080 934 ha-

86 959 167 997 bitu
182 959 279 997 bene
295 960 355 996 vel
374 959 472 996 male
485 958 698 996 constitutae
713 957 872 1005 mentis;
892 958 1022 1004 tertia,
1040 958 1079 995 in

87 1032 169 1057 usu.
194 1018 285 1057 Ideo
305 1019 376 1056 nisi
402 1018 516 1055 fuerit
542 1017 717 1068 aptitudo
743 1017 924 1054 naturalis
951 1017 1080 1066 adjuta

1145 429 1302 477 Semper
1331 428 1430 464 enim
1461 427 1577 465 libere
1607 429 1803 476 volumus,
1833 430 2038 468 affectuose
2066 444 2142 468 non

1145 498 1306 535 semper.
1324 487 1492 524 Affectus
1507 487 1553 524 ad
1574 486 1784 525 libertatem
1801 502 1878 525 non
1896 498 2066 539 spectant
2082 504 2144 527 ar-

1145 544 1260 581 bitrii.
1283 549 1359 582 Nec
1381 554 1504 582 tamen
1531 547 1643 595 plane
1663 546 1781 584 libera
1800 556 1857 585 est
1872 547 1984 586 bonae
2007 550 2143 587 volun-

1148 604 1232 641 tatis
1252 604 1423 650 libertas,
1442 605 1472 641 si
1491 605 1696 642 affectuosa
1715 619 1792 643 non
1813 608 1925 644 suerit
1943 623 1951 644 ε
1972 609 2037 646 sed
2057 623 2142 647 cum

1146 671 1272 699 auster
1293 663 1498 709 afflaverit,
1523 664 1648 700 statim
1679 665 1898 703 affectiones
1929 668 2144 705 aromatieae

1146 721 1280 758 fluent.
1303 725 1387 759 Non
1409 718 1638 771 premuntur
1661 731 1703 759 ut
1722 725 2002 773 exprimantur,
2026 727 2143 764 libere

1146 780 1281 818 fluunt.
1301 782 1544 819 Voluntatem
1563 790 1729 819 sanctam
1754 783 1971 833 frequenter
1990 786 2142 823 taedium

1145 840 1335 890 quoddam
1362 849 1399 878 et
1420 841 1567 879 tristitia
1595 842 1815 889 comitatur3
1841 844 1906 881 sed
1925 845 2144 883 affectiones

1145 900 1273 937 dulces
1287 913 1371 937 cum
1387 900 1460 937 illis
1475 901 1544 937 iter
1556 914 1633 938 non
1648 901 1799 938 habent.
1814 903 2038 940 Aromaticae
2056 913 2143 940 sunt

1145 958 1326 1004 odoratu,
1350 967 1388 996 et
1410 967 1510 996 tactu
1536 959 1679 1010 pariter
1704 968 1819 1009 gratae
1840 975 1847 997 :
1870 961 2029 998 dulciter
2057 975 2143 999 sen-

1146 1019 1311 1065 tiuntur,
1329 1028 1366 1056 et
1386 1019 1547 1056 dulciter
1567 1020 1806 1068 recoluntur,
1823 1020 1982 1057 dulciter
1999 1021 2143 1068 fluunt,

85 1092 155 1130 per
175 1079 351 1129 gratiam,
375 1091 445 1115 nec
466 1077 638 1123 habitus,
661 1090 730 1114 nec
749 1085 854 1113 actus
875 1076 1082 1114 voluntatis
1099 1077 1126 1111 B
1147 1087 1184 1115 et
1206 1079 1367 1116 dulciter
1386 1080 1596 1129 profluunt.
1623 1079 1701 1117 Sibi
1722 1080 1865 1127 fluunt,
1888 1089 1925 1117 et
1949 1081 2030 1117 aliis
2056 1094 2142 1131 pro-

85 1139 132 1176 ad
149 1139 324 1176 virtutem
343 1137 539 1189 spectabit.
556 1138 726 1175 Invalida
738 1146 794 1174 est
808 1136 951 1174 arbitrii
969 1136 1077 1173 liber-

86 1207 166 1236 tas:
184 1207 387 1249 propterea
406 1198 472 1235 ubi
504 1198 702 1235 arbitrium
725 1195 955 1242 succumbit,
978 1196 1080 1233 afflet

85 1265 228 1304 auster,
249 1266 287 1294 et
306 1258 430 1294 statim
447 1264 615 1294 aromata
633 1256 763 1293 fluent.
784 1259 867 1293 Non
885 1254 998 1291 habet
1014 1267 1079 1304 ge-

85 1329 257 1354 nerosam
278 1317 375 1353 hanc
397 1316 607 1353 libertatem
629 1323 666 1352 et
685 1327 773 1351 vere
793 1313 948 1350 liberam
963 1342 972 1360 ‚
990 1326 1075 1363 quae

84 1384 141 1413 est
159 1376 206 1413 ad
225 1375 368 1412 bonum
389 1383 427 1412 et
450 1376 489 1412 in
511 1374 613 1412 bono
626 1403 636 1422 ,
656 1374 728 1411 nisi
753 1373 914 1423 Spiritus
934 1372 1075 1409 libera—

86 1436 196 1474 verit.
211 1435 354 1473 Idcirco
367 1464 377 1482 ,
398 1435 560 1472 Domine
572 1462 582 1480 ,
605 1434 734 1471 emitte
750 1433 931 1482 Spiritum
949 1440 1054 1469 tuum
1065 1460 1075 1479 ,

85 1503 128 1532 ut
143 1495 313 1532 conferat
336 1503 373 1532 et
392 1507 523 1544 posse,
544 1502 582 1531 et
600 1495 698 1530 velle
723 1506 792 1543 per
812 1492 967 1541 gratiam
981 1521 990 1538 ‚
1011 1491 1076 1540 qui

85 1554 208 1604 primo
221 1553 504 1604 possibilitatem
518 1552 565 1589 ad
577 1561 780 1601 utrumque
795 1551 970 1597 contulit,
986 1550 1076 1587 dum

85 1622 259 1651 naturam
283 1613 447 1650 hominis
471 1613 652 1650 condidit.
676 1615 766 1649 Tres
785 1624 899 1660 supra
917 1623 1076 1647 enume—

86 1673 251 1710 ravimus
267 1672 469 1710 libertates.
486 1675 528 1710 In
547 1671 654 1708 tertia
669 1671 767 1708 velle
787 1670 940 1720 quidem
958 1669 1076 1716 adest,

85 1731 124 1768 in
149 1731 313 1768 secunda
342 1730 471 1768 subest
483 1758 492 1776 ‚
524 1731 562 1767 in
585 1730 707 1780 prima
736 1729 998 1766 consideratur
1029 1728 1076 1765 ad

85 1789 178 1827 duas
208 1790 371 1840 reliquas
400 1789 570 1839 potentia
604 1788 795 1825 naturalis.
830 1791 929 1837 Ergo
955 1788 1077 1837 prima

1146 1138 1280 1175 fluunt.
1298 1138 1503 1175 Aromatici
1522 1139 1672 1187 utrique
1687 1146 1775 1175 sunt
1793 1139 1895 1176 intus
1914 1139 2088 1187 affectus;
2106 1149 2143 1177 et

1145 1196 1234 1233 soris
1256 1197 1402 1233 affatus.
1424 1197 1481 1234 Ad
1498 1197 1568 1233 ista
1587 1205 1713 1247 potest
1729 1197 1893 1247 aspirare
1910 1197 2063 1235 libertas
2083 1212 2142 1235 ar-

1144 1255 1265 1303 bitrii,
1279 1257 1343 1294 sed
1359 1257 1406 1294 de
1417 1257 1563 1294 arbitrii
1579 1256 1753 1293 libertate
1770 1270 1846 1294 non
1862 1258 2045 1307 pendent.
2062 1259 2141 1296 Sie-

1143 1324 1186 1353 ut
1211 1316 1431 1353 affectiones
1458 1317 1566 1353 malae
1588 1325 1721 1353 contra
1747 1316 1885 1354 bonam
1908 1319 2142 1355 voluntatem

1141 1389 1239 1425 saepe
1255 1385 1364 1424 sunt,
1387 1376 1439 1414 sie
1455 1375 1567 1414 bonae
1588 1390 1673 1413 cum
1691 1376 1848 1423 adsunt,
1869 1378 1938 1414 etsi
1959 1391 2044 1414 cum
2062 1378 2142 1428 ipsa

1141 1444 1250 1479 sunt,
1278 1448 1325 1472 ex
1355 1448 1399 1472 ea
1426 1444 1551 1472 tamen
1577 1449 1653 1472 non
1681 1444 1769 1472 sunt
1793 1451 1802 1473 ε
1830 1436 1948 1473 libera
1973 1445 2029 1473 est
2061 1437 2142 1474 sine

1141 1494 1239 1541 istis,
1253 1503 1291 1531 et
1302 1495 1408 1544 quasi
1423 1495 1587 1532 liberalis
1602 1495 1772 1533 redditur
1788 1509 1833 1532 ex
1847 1496 1938 1533 istis.
1959 1497 2141 1535 Volunta—

1144 1561 1218 1589 tem
1244 1553 1363 1602 ipsam
1393 1553 1608 1590 liberiorem
1630 1554 1817 1600 efficiunt,
1841 1554 1905 1591 sed
1929 1568 1975 1592 ex
1996 1554 2078 1604 ejus
2098 1556 2142 1592 li-

1142 1610 1287 1648 bertate
1315 1625 1392 1649 non
1420 1612 1555 1649 fluunt.
1579 1613 1722 1649 Fluunt
1748 1621 1874 1649 autem
1902 1627 1988 1651 eum
2015 1623 2144 1652 auster

1140 1671 1371 1719 perflaverit.
1397 1673 1428 1709 O
1457 1671 1580 1708 dulcis
1609 1679 1736 1708 auster
1762 1680 1799 1708 et
1827 1685 1914 1709 vere
1939 1673 2141 1723 optabilis,

1142 1728 1250 1778 cujus
1274 1729 1407 1779 spiritu
1432 1729 1603 1766 hiemalis
1633 1730 1766 1779 rigoris
1793 1731 1947 1767 horrida
1982 1733 2143 1769 solvitur

1143 1788 1253 1825 facies
1265 1818 1274 1835 ,
1290 1797 1328 1824 et
1342 1787 1522 1837 jucundae
1538 1789 1716 1826 novitatis
1732 1802 1849 1826 verna
1867 1791 2066 1840 temperies
2083 1804 2139 1828 ar-

86 1857 242 1886 vocetur
256 1849 441 1899 potentia;
458 1848 620 1886 secunda
632 1877 641 1895 ,
656 1856 839 1898 potesta53
862 1847 969 1883 tertia
982 1876 991 1893 ‚
1008 1860 1078 1884 vo·
1097 1844 1125 1880 C
1145 1847 1242 1884 ridet
1260 1848 1296 1884 in
1312 1848 1451 1894 hortis,
1466 1856 1502 1885 ct
1519 1861 1618 1885 nova
1640 1849 1858 1898 temperies,
1880 1858 1916 1886 et
1935 1858 2140 1887 autumna-

86 1907 220 1945 tuntas.
233 1911 319 1945 Non
332 1908 482 1944 videtur
500 1908 598 1944 idem
612 1936 621 1953 ‚
640 1907 848 1943 naturalem
868 1906 1077 1956 potentiani

86 1967 133 2003 ad
152 1967 294 2016 aliquid
312 1967 451 2003 habere
464 1995 473 2013 ‚
504 1975 542 2003 et
561 1966 652 2002 illud
675 1979 795 2015 posse.
816 1965 935 2002 Multa
958 1965 1077 2014 siqui-

86 2026 172 2062 (lein
198 2026 244 2062 ad
276 2038 361 2074 quae
380 2026 599 2062 naturaliter
618 2033 791 2075 potentes
821 2037 969 2069 sumus,
999 2036 1075 2060 non

85 2085 209 2122 statim
230 2085 291 2121 illa
310 2098 509 2135 possumus
522 2113 531 2131 ,
552 2084 616 2120 ubi
639 2091 801 2120 connata
820 2083 995 2127 facultas,
1013 2090 1077 2119 aut

86 2143 300 2180 infirmitate
327 2143 578 2193 praepeditur,
601 2151 665 2178 aut
690 2150 770 2178 arte
792 2154 937 2190 usuque
959 2140 1075 2177 desti·

87 2203 219 2240 tuitur.
241 2207 470 2252 Frequenter
485 2203 531 2238 ad
547 2202 678 2238 horam
696 2202 828 2237 oculus
849 2200 978 2237 videre
998 2212 1075 2236 non

85 2270 225 2311 potest3
243 2275 327 2298 cum
345 2270 466 2298 tamen
484 2261 644 2298 naturali
662 2273 738 2296 non
756 2260 929 2296 deficitur
943 2267 1078 2308 poten-

86 2321 135 2357 tia
155 2321 255 2357 visus
273 2335 281 2357 ε
298 2320 403 2357 adest
422 2320 591 2365 habitus,
616 2328 653 2356 et
675 2319 779 2355 abest
799 2331 901 2356 usus.
925 2323 1080 2355 Natura-

86 2378 170 2415 liter
183 2387 318 2428 potens
332 2388 387 2416 cst
399 2379 545 2426 videre,
562 2379 624 2415 sed
641 2379 837 2415 actualiter
850 2391 926 2414 non
941 2385 1077 2427 potest.

85 2439 143 2476 Sic
161 2446 198 2475 et
218 2439 397 2476 naturalis
417 2438 570 2475 libertas
589 2437 735 2474 arbitrii
757 2446 883 2473 manet
905 2437 1077 2485 quidem,

85 2497 149 2534 sed
165 2497 342 2548 impedita
358 2505 512 2547 peccato
528 2512 536 2533 ε
556 2497 716 2546 ideoque
732 2509 808 2532 non
824 2496 922 2532 valet
938 2495 1077 2532 babere

87 2556 232 2593 tertiam
254 2557 355 2593 illam
377 2556 606 2602 libertatem,
626 2569 710 2605 quse
729 2555 838 2592 estin
862 2554 984 2601 bono,
1008 2568 1076 2591 nec

1143 1906 1186 1942 lis
1209 1905 1380 1943 ubertas!
1398 1910 1489 1943 Nam
1507 1907 1545 1943 in
1565 1907 1670 1944 fluxu
1691 1917 1901 1945 aromatum
1914 1937 1923 1954 ,
1952 1910 2139 1946 fruetuum

1143 1966 1311 2014 signatur
1328 1967 1534 2003 maturitas.
1555 1970 1650 2003 Eece
1666 1981 1778 2017 quam
1793 1967 1936 2004 bonum
1949 1997 1958 2014 ,
1975 1978 2011 2005 et
2027 1983 2139 2018 quam

1138 2024 1350 2073 jucundum
1379 2026 1417 2062 in
1445 2025 1633 2063 cubilibus
1658 2035 1696 2063 et
1719 2027 1756 2063 in
1785 2027 1903 2063 hortis
1927 2037 2139 2065 aromatum

1141 2097 1270 2120 auram
1298 2085 1392 2121 lianc
1413 2094 1628 2135 exspectare
1653 2094 1726 2122 tam
1752 2086 1924 2131 dulcem,
1952 2100 2140 2124 renovan-

1144 2150 1216 2178 tem
1237 2151 1274 2179 et
1295 2152 1525 2180 recreantem
1549 2145 1688 2181 fructus
1709 2145 1886 2194 Spiritus,
1904 2146 2140 2194 profunden-

1144 2208 1215 2236 tem
1232 2210 1420 2247 aromata,
1437 2196 1674 2251 spargentem
1696 2204 1849 2240 odores!
1869 2206 1973 2240 Mitte
1985 2234 1995 2250 ,
2010 2206 2141 2241 Domi-

1147 2272 1212 2304 ne,
1234 2260 1333 2296 hune
1365 2261 1543 2311 Spiritum
1578 2262 1709 2307 nobis,
1737 2263 1802 2311 qui
1836 2271 1922 2312 post
1955 2264 2142 2312 aquilonis

1146 2318 1341 2355 horrorem
1365 2320 1558 2356 hortulum
1576 2329 1746 2357 nostrum
1768 2334 1865 2357 nova
1885 2322 1976 2358 faeie
1992 2324 2139 2367 vestiat,

1146 2377 1286 2413 luctum
1310 2387 1479 2414 nostrum
1499 2388 1620 2416 vertat
1637 2379 1674 2415 in
1695 2380 1884 2429 gaudium.
1906 2385 1981 2417 Aut
2001 2383 2030 2418 si
2050 2383 2140 2431 quid

1145 2436 1235 2472 boni
1259 2438 1442 2485 siguificat
1465 2439 1614 2487 aquilo,
1638 2439 1742 2475 illum
1769 2453 1854 2476 eum
1882 2449 2009 2477 austro
2031 2442 2140 2478 simul

1143 2495 1271 2532 iuvita.
1286 2501 1452 2545 jungant
1470 2498 1589 2534 offieia
1601 2527 1610 2544 ,
1629 2507 1666 2534 et
1681 2507 1807 2548 partes
1821 2513 1906 2536 suas
1922 2510 2141 2549 assequatur

1144 2563 1314 2604 uterque.
1334 2557 1471 2605 Aquilo
1489 2558 1667 2608 stringat,
1686 2568 1811 2595 auster
1829 2561 2003 2596 resolvat.
2022 2561 2142 2597 Strin-

85 2615 285 2651 secundam
301 2628 384 2664 quae
399 2615 514 2652 estad
534 2615 691 2651 bonum.
706 2614 830 2651 Prima
847 2622 974 2650 manet
991 2627 1074 2650 mu-
1094 2616 1126 2650 D
1142 2623 1204 2664 gat
1221 2615 1283 2651 ille
1298 2616 1506 2663 lasciviam,
1521 2617 1584 2653 hic
1603 2618 1768 2655 animum
1788 2619 1823 2655 in
1840 2619 1972 2667 gaudia
1993 2621 2139 2669 proflua

88 2682 162 2710 tata
183 2674 333 2723 quidem
348 2703 357 2720 ,
380 2687 456 2710 non
478 2675 674 2711 imminuta
696 2688 703 2710 :
729 2674 882 2722 reliquae
903 2687 971 2710 nee
994 2687 1074 2710 ma-

87 2745 176 2769 nere
202 2733 369 2769 ‹licendae
388 2742 486 2769 sunt.
519 2738 600 2769 Non
622 2734 720 2769 enim
746 2741 833 2782 post
852 2741 1071 2782 peceatum,

89 2791 246 2828 liberum
270 2792 378 2828 nobis
410 2794 637 2842 relinquitur
663 2792 805 2829 bonum
838 2793 956 2838 velle3
990 2793 1074 2828 ideo

88 2863 157 2887 nec
174 2851 319 2887 residua
347 2851 497 2888 libertas
523 2861 600 2898 est,
623 2865 707 2900 quae
727 2851 896 2888 consistit
915 2852 951 2887 in
975 2851 1074 2888 bona

88 2909 279 2945 voluntate
300 2924 308 2946 ε
331 2910 394 2946 sed
427 2923 494 2959 per
518 2911 673 2959 gratiam
695 2911 772 2947 brec
803 2911 931 2947 ultima
954 2911 1073 2960 inspi-

88 2976 212 3014 ratur,
236 2977 271 3004 et
291 2969 452 3005 secunda
475 2978 688 3020 reparatur,
711 2979 747 3007 et
769 2971 890 3021 prima
917 2979 1073 3006 natura-

88 3027 172 3063 liter
185 3036 342 3064 ereatur.

141 3086 176 3121 5.
197 3086 302 3123 Dicta
329 3086 406 3123 lime
434 3088 507 3124 siut
532 3088 578 3125 ‹le
610 3088 803 3131 libertate,
835 3101 908 3137 qua
930 3088 1074 3124 bonum

87 3144 279 3190 volumus,
296 3146 473 3193 quoniam
489 3157 543 3183 est
559 3161 603 3183 ex
621 3148 747 3196 gratia.
772 3147 842 3184 Sed
863 3156 918 3182 est
937 3147 1007 3183 alia
1029 3147 1075 3182 li-

89 3202 211 3239 bertas
231 3204 472 3243 nibilominus
493 3208 747 3256 pergratiam,
765 3221 838 3257 qua
864 3219 938 3243 non
963 3206 1076 3243 modo

140 3336 144 3348 ¹
167 3329 242 3359 t’sal.
259 3342 267 3358 ι
282 3342 376 3365 xxiii,
399 3335 450 3361 33.

1140 2674 1252 2710 laxet.
1279 2675 1344 2710 llle
1368 2676 1638 2713 continentiam
1662 2687 1833 2726 pra‘stet,
1856 2679 1922 2714 iste
1943 2680 2139 2715 eonscien—

1142 2732 1228 2768 tiam
1261 2732 1454 2769 exhilaret.
1483 2735 1549 2770 Ille
1575 2736 1790 2780 contineat,
1821 2746 1857 2772 et
1888 2738 1954 2773 iste
1983 2739 2136 2787 repleat.

1142 2795 1281 2827 Factus
1310 2807 1409 2837 sum,
1442 2794 1582 2842 inquit,
1615 2799 1708 2831 sicut
1739 2806 1822 2831 ulei·
1847 2800 1882 2831 in
1907 2802 2072 2844 pruina,
2106 2809 2141 2833 cl

1133 2855 1415 2899 justg'lt'c·‹1tim1‹·.s
1436 2862 1516 2888 tuas
1533 2868 1605 2889 nou
1622 2870 1702 2890 sum
1721 2855 1855 2891 oblitus
1873 2861 1897 2891 ¹.
1919 2861 2041 2893 nonus
2057 2867 2140 2894 uter

1141 2912 1192 2948 sie
1209 2912 1428 2959 congelatus
1441 2921 1474 2948 et
1495 2913 1650 2949 infusus.
1669 2916 1772 2952 Foris
1786 2916 2028 2952 continentia·
2041 2919 2124 2966 prui

1143 2971 1332 3013 11:1‚iutus
1362 2971 1518 3019 repletio
1541 2971 1707 3020 justitian
1739 2978 1836 3010 Beue
1865 2984 2022 3024 uterque
2054 2977 2138 3016 thu.

1142 3029 1294 3079 quando
1329 3030 1515 3066 exteriora
1547 3032 1671 3079 gelido
1699 3033 1862 3082 quodam
1898 3035 2139 3071 eontiuentim

1143 3088 1273 3136 spiritu
1294 3087 1409 3135 rigent
1422 3117 1431 3134 ‚
1444 3097 1478 3123 et
1499 3089 1676 3127 interiora
1694 3092 1863 3140 rigantur
1876 3094 2033 3142 profluis
2048 3108 2137 3142 gau

1143 3147 1225 3183 (liis.

1197 3209 1233 3242 (Β.
1262 3209 1301 3241 tit
1325 3214 1363 3242 ut
1385 3206 1501 3243 austri
1526 3208 1652 3245 flatum
1683 3210 1728 3246 ad
1751 3211 1929 3248 interiora
1948 3212 2140 3251 ‹lt-flectas,
