2504 3928
387 207 474 243 1311

999 211 1160 247 smum
1192 214 1238 247 ΙΝ
1268 214 1410 248 Ficum
1442 213 1473 246 11
1505 212 1789 254 PASCHATIs',

379 298 491 320 omne
511 283 696 332 judicium
728 283 850 330 dedit,
881 298 990 320 mam:
1027 287 1237 329 nobiscum,
1275 289 1405 337 quo-¹²⁸⁵

2320 215 2416 252 1312

1409 288 1532 324 “tetm·
1547 288 1687 324 homini
1709 288 1754 323 ad
1774 296 1987 337 peccatum,
2006 289 2035 326 si
2052 290 2213 328 voluerit
2228 304 2306 329 esse
2323 294 2419 330 sicut.

378 349 481 378 niam
505 346 782 389 ml«*essu-roscit.
807 347 846 379 lu
880 357 1011 380 manus
1036 355 1117 383 tuas
1141 348 1364 384 couuueudo
1387 348 1412 381 Α
1434 357 1496 391 tu,
1526 348 1644 384 sciens
1671 346 1812 383 bouum
1834 356 1870 383 et
1901 349 2052 385 malum.
2083 353 2133 387 Te
2154 360 2354 400 cognoscat
2380 353 2416 388 in

377 403 547 450 spiritum
571 416 707 438 meum.
728 407 778 439 Ne
801 403 922 440 tradas
942 405 1103 441 auimam
1124 409 1366 444 confitentem

379 460 443 495 tihi
466 461 711 508 potestatibus
733 462 986 499 tenebrarum.
1009 468 1050 501 Iu
1070 474 1103 501 te
1129 467 1210 502 solo
1233 476 1285 503 est
1314 481 1368 503 sa·

379 519 435 553 lus
467 529 614 564 nostra,
647 520 692 556 ad
723 529 758 556 te
784 530 871 557 suut
901 523 1000 558 oculi
1031 525 1164 571 nostri,
1195 539 1241 561 ne
1279 539 1367 575 per-

378 591 517 614 eamus.
542 583 594 614 l)e
616 580 856 616 multitudiue
886 582 1131 620 miserationis
1161 593 1231 620 tute
1260 597 1363 620 meus

380 637 552 673 fiduciam
582 639 744 688 concipit
771 654 778 675 :
815 654 924 675 marte
945 641 1154 688 nobiscum,
1193 648 1363 691 quoniam

378 699 660 745 a‹l··‹·.=·p‹'1·as‹·it.
693 700 756 735 Vel
778 713 844 748 per
868 713 1060 749 vesperam
1083 715 1281 751 possumus
1308 704 1367 739 in-

379 757 543 805 telligere
564 767 706 794 vexatae
735 759 868 795 mentis
902 761 1134 810 refrigerium
1152 790 1161 807 ,
1188 771 1228 797 ut
1263 762 1366 798 omni

378 815 525 853 fervore
544 817 794 855 tribulationis
815 819 1031 866 recedente,
1057 821 1178 857 oratio
1195 829 1231 857 et
1250 822 1368 857 medi-

380 876 470 912 tatio
499 878 739 925 tranrpullum
767 878 804 914 in
827 892 870 914 ea
889 882 968 915 Deo
986 889 1118 929 parent
1139 880 1363 929 hospitium,

378 943 417 970 ut
437 949 521 971 eum
552 945 686 985 cogant
714 937 759 973 ad
792 938 1039 984 manendum,
1068 947 1105 975 et
1135 939 1293 975 invitent
1319 939 1363 975 ad

378 994 749 1044 c‹1·nandmn,juxta
777 996 879 1044 quod
907 998 1088 1047 scriptum
1110 1006 1164 1034 est
1186 1013 1193 1034 ε
1227 1002 1366 1046 Siquis

1436 407 1540 456 panis
1567 407 1771 450 fractione,
1800 407 1863 455 qui
1889 407 1935 443 ab
1961 409 2066 445 initio
2089 410 2209 446 voluit
2232 411 2416 459 integrum

1434 475 1616 502 attentare
1632 467 1688 501 vel
1709 474 1917 503 attrectare.
1938 472 2079 516 Frange
2096 477 2144 514 te,
2161 478 2201 505 ut
2215 483 2294 506 sese
2305 470 2419 507 discat

1437 526 1604 573 frangere
1617 554 1626 570 ,
1649 525 1736 574 quia
1751 538 1825 560 non
1844 528 2080 574 cognosceris
2096 529 2166 564 nisi
2183 529 2219 565 in
2240 530 2419 566 fractione

1428 586 1548 636 panis.
1572 584 1728 621 Audivit
1746 585 1891 621 Balaam
1917 598 2109 624 sermones
2131 589 2196 624 Dei
2214 617 2222 633 ,
2244 597 2279 624 et
2306 589 2419 625 visio-

1431 657 1495 680 nes
1527 643 1806 692 ()mnipotentis
1839 644 1996 681 intuitus
2030 654 2084 682 est
2120 661 2127 682 :
2166 647 2230 682 scd
2265 646 2420 684 cadebat

1431 704 1569 752 apertis
1595 703 1740 738 oculis⁴²
1761 731 1770 747 ,
1802 703 1889 751 quia
1915 717 1990 740 non
2018 705 2266 753 cognoscebat
2291 706 2420 742 Domi-

1433 776 1522 799 num
1543 763 1578 798 in
1599 762 1778 798 fractione
1793 763 1911 811 panis.
1930 763 1987 800 Sic
2003 764 2141 800 multos
2156 764 2290 801 videtis
2309 765 2420 801 hodie

1434 821 1626 857 studentes
1662 821 1699 855 iu
1735 821 1935 869 Scripturis
1951 850 1960 866 ,
1999 821 2175 858 docentes
2213 823 2249 858 in
2288 822 2421 859 cathe-

1434 880 1529 925 dris,
1552 879 1796 929 praedicantes
1812 879 1849 914 in
1867 880 2029 916 ecclesiis
2049 895 2058 926 3
2077 881 2139 917 sed
2158 894 2272 930 opera
2288 895 2418 918 eorum

1431 953 1508 976 nou
1526 939 1756 975 concordant
1774 952 1857 974 cum
1880 938 2016 975 verbis.
2041 940 2276 976 Confitentur
2296 939 2421 977 verbis

1430 1011 1468 1035 se
1497 1011 1606 1034 nosse
1633 1001 1777 1042 Deum,
1811 997 1876 1033 sed
1904 1006 2040 1046 negant
2065 998 2197 1034 factis:
2227 999 2314 1047 quia
2345 1013 2420 1037 non

379 1060 568 1101 aperuerit
587 1056 862 1100 milzijanuam,
882 1056 1025 1092 intr-blm
1042 1060 1095 1092 ml
1108 1071 1212 1102 eum,
1236 1067 1270 1093 et
1289 1073 1364 1093 coe-
1383 1061 1410 1093 B
1432 1057 1671 1106 cognoscitur
1695 1057 1764 1093 nisi
1791 1057 1827 1092 in
1850 1057 2029 1093 fractione
2054 1057 2173 1106 panis.
2203 1061 2249 1094 Et
2269 1059 2420 1107 quidem

379 1113 476 1147 mzlm
496 1127 574 1149 cum
595 1128 655 1157 ea,
686 1119 815 1162 etipse
841 1129 981 1151 mecum
999 1122 1023 1152 ¹.
1051 1120 1184 1154 Faetus
1201 1125 1254 1153 est
1274 1118 1369 1154 sicut

379 1173 500 1209 viator
520 1173 711 1210 declinans
730 1174 776 1210 ad
799 1175 1025 1211 manendum
1046 1190 1054 1212 :
1078 1175 1178 1212 unde
1199 1186 1233 1211 et
1254 1181 1369 1212 intra-

379 1237 426 1267 ·'e't
445 1247 523 1268 cum
548 1236 633 1269 illis.

432 1294 492 1329 22.
523 1296 678 1340 Fqcmm
704 1301 757 1328 est
785 1303 907 1329 merem
934 1308 1015 1329 cum
1037 1294 1260 1330 recumberet
1283 1309 1366 1338 ,cum

379 1355 455 1387 illis
466 1381 476 1396 ,
492 1358 637 1399 accepit
649 1366 802 1400 lumem,
827 1362 861 1387 et
876 1352 1065 1388 benedixit
1078 1381 1089 1397 ,
1101 1353 1216 1401 filfgl‘l
1232 1363 1266 1389 ee
1277 1367 1369 1401 por-

379 1415 476 1445 rexit
496 1413 567 1445 illis
591 1425 601 1444 .·
617 1419 651 1445 et
671 1415 790 1457 aperle’
803 1420 886 1446 sunt
901 1414 998 1446 oculi
1012 1425 1133 1447 eorum
1147 1439 1156 1455 ‚
1177 1422 1213 1447 et
1233 1426 1373 1460 cagno-⁴

385 1478 509 1504 verunt
530 1483 626 1504 eum.
652 1470 761 1505 Panis
790 1470 858 1505 iste
888 1471 996 1518 panis
1016 1478 1070 1506 est
1098 1471 1237 1519 gratian
1261 1475 1371 1507 Hunc

384 1541 519 1576 panem
546 1529 624 1577 ipse
648 1541 715 1576 per
734 1541 772 1564 se
800 1528 957 1577 accipit,
979 1529 1066 1577 quia
1096 1542 1171 1565 non
1198 1529 1301 1577 quasi
1322 1530 1374 1565 in-

383 1588 518 1632 ferior,
542 1587 606 1623 sed
639 1588 734 1623 Patri
767 1588 941 1636 aequalis,
975 1588 1072 1624 dona
1104 1589 1229 1637 gratiae
1260 1597 1375 1638 prout

379 1646 499 1681 voluit
540 1659 614 1682 nou
651 1646 697 1682 ad
734 1660 945 1683 mensuram
989 1648 1142 1697 accepit.
1184 1648 1376 1684 Benedicit

382 1717 538 1753 panem,
562 1704 713 1753 quando
734 1704 1034 1741 benedictionem
1057 1719 1161 1742 suam
1184 1706 1293 1743 nobis
1313 1706 1376 1742 dat

384 1764 595 1812 legislator,
626 1772 666 1801 ut
695 1778 822 1801 eamus
857 1765 902 1801 de
942 1766 1081 1802 virtute
1111 1767 1148 1802 in
1181 1767 1372 1803 virtutem.

1434 1116 1542 1153 nobis
1566 1117 1748 1154 Dominus
1771 1117 1886 1152 factus
1910 1124 1965 1152 est
1985 1117 2111 1165 panis,
2135 1125 2173 1153 et
2201 1130 2270 1154 nos
2294 1131 2422 1155 sumus

1434 1177 1541 1226 panis
1568 1176 1660 1225 ejus.
1690 1179 1733 1212 In
1766 1175 1904 1212 sudore
1934 1176 2059 1212 vultus
2084 1176 2140 1212 sui
2167 1175 2339 1225 dignatus
2367 1186 2422 1214 est

1434 1236 1532 1272 vesci
1561 1249 1656 1284 pane
1682 1248 1770 1280 suo,
1795 1243 1836 1271 ut
1865 1247 1933 1271 nos
1961 1243 2089 1270 nostro
2119 1248 2356 1272 vesceremur
2383 1236 2420 1272 in

1434 1295 1582 1345 gaudio.
1599 1295 1634 1331 Si
1649 1295 1704 1329 vis
1718 1294 1839 1343 ipsum
1857 1307 2105 1341 cognoscere,
2127 1295 2220 1330 sicut
2237 1308 2274 1330 se
2296 1295 2422 1343 fregit,

1434 1354 1484 1389 ita
1506 1361 1541 1388 te
1569 1353 1718 1400 frange3
1739 1352 1826 1400 quia
1850 1352 1913 1400 qui
1938 1351 2026 1387 dicit
2053 1365 2091 1388 se
2111 1353 2147 1388 in
2175 1353 2320 1389 Christo
2344 1367 2424 1390 ma-

1436 1424 1524 1447 nere
1537 1440 1546 1456 ,
1567 1410 1678 1447 debet
1697 1411 1793 1446 sicut
1811 1410 1872 1445 ille
1891 1409 2118 1455 ambulavit,
2140 1419 2176 1446 et
2199 1411 2277 1460 ipse
2294 1411 2425 1448 ambu-

1437 1471 1512 1506 lare
1533 1468 1558 1505 ⁵.
1588 1473 1671 1506 Non
1699 1477 1754 1505 est
1787 1469 1823 1505 in
1854 1482 2027 1505 sermone
2055 1482 2210 1518 regnum
2237 1472 2331 1515 Dei,
2361 1472 2425 1508 sed

1438 1529 1476 1564 in
1512 1531 1662 1564 virtute.
1692 1531 1834 1576 Frange
1861 1528 1971 1577 igitur
1998 1536 2031 1564 te
2061 1528 2107 1564 ad
2136 1528 2302 1566 laborem
2333 1530 2427 1568 obe-

1440 1588 1612 1633 dientiae‚
1636 1588 1681 1624 ad
1709 1588 1954 1623 humilitatem
1984 1588 2226 1637 poenitentiae.
2254 1592 2366 1626 Porta
2390 1591 2428 1627 in

1440 1661 1601 1698 corpore
1640 1657 1704 1684 tuo
1747 1648 1917 1696 stigmata
1950 1651 2037 1684 Jesu
2079 1648 2237 1694 Christi,
2273 1649 2428 1686 formam

1440 1709 1540 1745 servi
1561 1708 1770 1758 accipiens,
1794 1721 1868 1743 non
1896 1707 2049 1756 praelati.
2076 1711 2120 1745 Et
2140 1721 2222 1744 cum
2244 1716 2278 1744 te
2299 1709 2430 1745 exina-

1441 1768 1579 1805 niveris
1622 1776 1658 1804 et
1700 1767 1875 1816 fregeris,
1911 1780 2115 1815 cognosces
2152 1767 2357 1804 Dominum
2392 1768 2430 1804 in

384 1824 535 1872 frangit
567 1832 603 1860 et
643 1824 802 1873 porrigit
841 1824 942 1869 illis;
981 1825 1069 1874 quia
1103 1838 1178 1861 non
1214 1826 1421 1863 volentisC
1443 1827 1624 1863 fractione
1658 1827 1775 1876 panis.

385 1895 507 1931 neque
536 1882 721 1919 currentis
739 1911 749 1927 ,
773 1882 837 1919 sed
868 1884 1076 1920 miserentis
1108 1893 1163 1920 est
1189 1885 1268 1921 Dei.
1301 1889 1377 1922 Nee

385 1955 518 1991 panem
542 1943 700 1992 porrigit
714 1943 913 1991 integrum,
935 1943 1000 1979 sed
1018 1943 1197 1991 fractum,
1215 1945 1302 1994 quia
1324 1945 1376 1980 di-

384 2003 548 2039 visiones
566 2004 767 2051 gratiarum
791 2012 878 2039 sunt
906 2019 913 2039 :
937 2003 1001 2040 sed
1034 2004 1131 2040 idem
1160 2004 1345 2040 Dominus
1363 2033 1372 2049 ,

387 2062 452 2110 qui
473 2063 568 2098 sicut
588 2062 775 2099 buccellas
796 2063 907 2098 mittit
941 2064 1156 2111 crystallum
1187 2077 1302 2100 suam.
1331 2067 1377 2100 Et

387 2121 478 2169 quid
499 2130 554 2158 est
573 2121 674 2170 quod
692 2121 828 2157 dicitur
850 2135 857 2156 :
883 2126 1012 2169 Aperlc'
1026 2131 1109 2157 sunt
1127 2125 1223 2158 oculi
1239 2136 1374 2167 eorum,

387 2191 422 2215 et
439 2191 681 2228 coguoverunt
701 2195 782 2216 eum
811 2180 1053 2228 infractione
1075 2185 1216 2230 panis?
1238 2185 1280 2218 In
1303 2182 1378 2217 fra-

387 2241 508 2275 ctione
527 2241 632 2288 panis
653 2242 691 2276 lit
704 2241 902 2276 diminutio
924 2241 1094 2290 quaedam
1108 2250 1144 2277 et
1160 2242 1376 2278 exinanitio.

388 2303 428 2335 ln
453 2300 633 2335 fractione
655 2301 831 2336 virtutem
855 2301 1075 2337 humilitatis
1095 2301 1259 2350 intellige
1278 2331 1286 2346 ‚
1313 2314 1381 2350 per

389 2372 500 2406 quam
534 2371 571 2393 se.
593 2359 714 2407 ipsum
737 2359 865 2406 fregit,
894 2360 1092 2402 diminuit,
1116 2367 1151 2394 et
1171 2360 1380 2395 exinanivit

390 2418 468 2466 ipse
492 2418 601 2452 etiam
633 2418 696 2465 qui
727 2418 832 2466 panis
859 2426 913 2453 est
938 2418 1034 2454 vitae.
1058 2422 1103 2454 Et
1134 2418 1310 2466 quoniam
1343 2431 1380 2454 se

389 2476 615 2520 exinanivit,
633 2477 898 2524 cogitationem
917 2490 1020 2513 suam
1036 2476 1144 2513 nobis
1161 2477 1274 2512 dedit.
1297 2481 1380 2526 Ipse

391 2544 444 2571 est
481 2535 586 2583 panis
614 2535 869 2571 desiderabilis
905 2550 1015 2584 quem
1044 2550 1111 2586 per
1136 2536 1214 2572 dies
1245 2537 1382 2573 multos

394 2596 522 2631 Daniel
543 2608 616 2630 non
639 2595 803 2631 comedit
831 2602 842 2616 ²
866 2611 873 2631 :

392 2655 512 2702 pheta-
530 2655 732 2690 volucrunt
759 2655 886 2691 videre
904 2664 940 2691 et
956 2669 1030 2691 non
1060 2656 1238 2692 viderunt
1262 2656 1384 2691 incar-

392 2723 513 2749 natam
541 2714 760 2762 sapientiam
784 2715 850 2750 Dei
875 2715 1004 2751 Patris.
1034 2715 1158 2751 Multis
1179 2722 1385 2749 aestuarunt

391 2773 559 2822 suspiriis
580 2786 656 2821 prae
677 2772 861 2809 desiderio
879 2773 1031 2809 videndi
1049 2774 1180 2810 Filium
1200 2773 1382 2808 hominis:

392 2832 456 2867 sed
489 2831 731 2868 absconditus
763 2841 842 2868 erat
874 2833 909 2868 in
946 2833 1029 2869 sinu
1068 2833 1197 2869 Patris.
1233 2833 1382 2869 Parvuli

393 2892 582 2940 petierunt
602 2906 750 2941 panem,
767 2900 803 2928 et
824 2906 898 2927 non
916 2902 994 2928 erat
1008 2893 1070 2941 qui
1091 2894 1275 2940 frangeret
1291 2890 1379 2928 cis3.

392 2951 578 2999 Sapientia
599 2951 819 2987 abscondita
844 2953 977 2996 Patris,
999 2961 1035 2988 et
1061 2952 1255 2988 thesaurus
1281 2951 1384 2987 inte-

391 3023 456 3058 ger
472 3018 507 3044 et
519 3011 700 3054 occultus,
717 3023 799 3059 qua:
814 3012 951 3047 utilitas
969 3012 1003 3047 in
1019 3012 1210 3059 utrisque?
1226 3014 1381 3060 Frange,

394 3070 573 3114 Domine,
609 3071 789 3106 esurienti
830 3084 963 3119 panem
999 3081 1128 3116 tuum,
1167 3085 1302 3120 panem
1349 3080 1383 3107 te

392 3129 534 3176 ipsum,
565 3137 603 3164 ut
621 3130 836 3180 aperiantur
854 3131 952 3166 oculi
972 3131 1135 3166 hominis
1150 3158 1159 3176 ‚
1180 3144 1248 3167 nec
1271 3143 1378 3180 repu-

1496 1887 1556 1923 253.
1573 1887 1643 1923 Sed
1662 1885 1838 1934 quoniam
1853 1885 2037 1934 coepimus
2053 1885 2155 1934 loqui
2172 1885 2218 1921 de
2234 1899 2329 1936 pane
2346 1899 2431 1935 gra-

1444 1946 1521 1991 tiae3
1543 1945 1631 1981 dum
1651 1945 1850 1993 frangitur,
1873 1945 1970 1981 oculi
1989 1945 2231 1994 aperiuntur,
2249 1953 2285 1981 et
2306 1945 2432 1981 Domi-

1443 2018 1512 2041 nus
1540 2005 1780 2053 cognoscitur
1806 2019 1813 2040 :
1843 2004 1929 2053 quia
1957 2018 2040 2040 cum
2069 2004 2210 2040 caeteris
2231 2004 2431 2052 gratiarum

1445 2065 1553 2101 donis
1581 2064 1792 2100 infunditur
1813 2064 1933 2100 virtus
1956 2064 2188 2100 humilitatis.
2216 2067 2321 2100 Tunc
2347 2077 2432 2100 eum

1444 2125 1729 2173 cognoscimus,
1753 2124 1839 2173 quia
1860 2137 1906 2159 ex
1925 2123 2086 2173 acceptis
2103 2123 2212 2159 donis
2226 2136 2294 2159 nos
2315 2123 2348 2159 ei
2368 2123 2434 2160 hu-

1447 2185 1582 2220 militer
1609 2183 1826 2229 subdimus,
1855 2196 1939 2219 cum
1960 2182 2144 2231 quidquid
2175 2181 2266 2218 boni
2289 2182 2434 2231 accepi-

1446 2257 1550 2289 mus,
1582 2244 1627 2280 ad
1665 2244 1785 2293 ipsum
1819 2242 2026 2279 referimus.
2059 2241 2214 2290 Sapiens
2243 2249 2437 2278 attestatur

1446 2303 1549 2352 quod
1570 2303 1616 2340 al)
1635 2302 1840 2338 humilibus
1858 2300 2216 2338 hon01·aturDeus⁶.
2234 2300 2327 2338 Vide
2340 2313 2437 2350 quo-

1447 2362 1561 2398 modo
1579 2361 1685 2397 dictis
1701 2361 1837 2398 nostris
1850 2360 2054 2396 concordet
2069 2359 2200 2396 beatus
2216 2360 2434 2407 Gregorius.

1447 2438 1460 2452 «
1480 2421 1574 2468 Qui,
1596 2438 1610 2452 »
1632 2420 1776 2468 inquit,
1800 2437 1813 2452 «
1836 2420 1992 2455 virtutes
2015 2427 2166 2455 eaeteras
2185 2421 2264 2454 sine
2285 2418 2437 2454 humili-

1449 2498 1462 2513 »
1484 2489 1557 2516 tate
1587 2487 1808 2527 congregat,
1840 2479 1944 2527 quasi
1980 2479 2174 2527 pulverem
2211 2478 2248 2513 in
2280 2486 2434 2513 ventum

1451 2557 1463 2571 »
1481 2547 1605 2588 portat
1623 2545 1635 2568 7
1657 2553 1664 2575 :
1689 2556 1702 2570 υ
1726 2547 1764 2574 ut
1781 2537 1881 2573 unde
1901 2537 1996 2573 ferre
2019 2536 2159 2585 aliquid
2179 2536 2330 2581 debuit,
2351 2535 2435 2572 inde

896 2596 982 2644 quia
1004 2595 1213 2644 multijusti
1235 2605 1271 2631 ct
1288 2599 1380 2631 Pro-
1398 2604 1429 2637 D
1448 2598 1613 2634 deterius
1645 2605 1834 2646 sequatur.
1866 2600 1959 2632 Vera
1985 2609 2073 2644 ergo
2101 2595 2288 2630 humilitas
2318 2594 2438 2643 aperit

1450 2658 1581 2693 oculos
1595 2685 1604 2701 ,
1624 2656 1712 2692 dum
1743 2657 1899 2691 virtutes
1920 2663 2070 2691 caeteras
2084 2681 2093 2698 ‚
2116 2667 2183 2703 per
2211 2666 2304 2703 quas
2323 2662 2436 2689 vento

1450 2716 1634 2766 superbiae
1675 2724 1823 2765 poterat
1857 2715 2064 2759 excaecari,
2095 2713 2231 2762 frangit
2258 2721 2294 2748 et
2323 2712 2438 2749 dimi-

1452 2777 1550 2822 nuit;
1572 2784 1608 2812 et
1621 2775 1736 2811 homo
1753 2788 1790 2811 se
1813 2788 1859 2810 ex
1877 2787 1915 2810 se
1945 2775 2032 2810 nihil
2055 2786 2133 2810 esse
2161 2772 2365 2821 cognoscit.
2395 2775 2439 2808 Et

1448 2844 1590 2884 quanto
1611 2835 1694 2884 quis
1707 2834 1888 2871 decrescit
1903 2834 1940 2870 in
1959 2833 2199 2882 despectione
2223 2832 2304 2876 sui,
2337 2840 2438 2868 tanto

1447 2895 1606 2943 amplius
1635 2894 1783 2943 prolicit
1815 2894 1851 2930 in
1880 2893 2132 2941 cognitionem
2163 2891 2243 2929 Dei.
2273 2895 2324 2929 Ut
2350 2904 2439 2940 ergo

1449 2961 1698 3001 cognoscatur
1718 2952 1901 2988 Dominus
1919 2952 1955 2987 in
1983 2951 2159 2987 fractione
2177 2950 2283 2999 panis
2297 2978 2306 2992 ‚
2333 2946 2437 2985 fran-

1448 3020 1508 3061 gat
1532 3012 1644 3047 homo
1671 3012 1699 3047 si
1720 3024 1811 3060 quas
1835 3010 1946 3048 habet
1971 3011 2008 3047 in
2035 3023 2073 3046 se
2101 3009 2277 3055 virtutes,
2296 3009 2439 3057 frangat

1449 3071 1622 3121 proprias
1642 3071 1873 3115 voluntates,
1897 3070 2046 3105 imitans
2068 3069 2171 3104 illum
2196 3068 2259 3116 qui
2281 3080 2351 3116 pro
2373 3079 2441 3103 no-

1448 3130 1505 3167 bis
1523 3129 1643 3167 factus
1659 3138 1714 3165 est
1733 3128 1914 3165 obediens
1931 3141 2049 3176 usque
2069 3126 2114 3163 ad
2132 3134 2288 3162 mortem
2305 3124 2438 3161 crucis.

441 3268 448 3281 ¹
469 3265 564 3302 stpoc.
584 3273 622 3290 ιιι
637 3286 644 3297 ,
665 3265 718 3292 20.
740 3281 778 3284 -—
800 3267 810 3282 ²
831 3265 910 3293 Dan.
928 3275 945 3293 x
962 3287 968 3298 ,
985 3267 1015 3294 3.
1033 3281 1071 3285 --·
1092 3261 1104 3284 ³
1120 3263 1290 3294 '1·}·ren.1v
1304 3287 1312 3301 ,
1332 3265 1413 3294 4.-
1433 3263 1446 3289 4
1465 3265 1557 3294 Num.
1574 3273 1667 3299 xxxv,
1689 3264 1717 3292 4.
1732 3279 1771 3284 --
1789 3259 1935 3292 ⁵1Joan.
1958 3272 2002 3297 ιι,
2024 3263 2105 3289 G.——
2124 3257 2139 3278 ‘¹
2154 3257 2247 3289 licen.
2264 3268 2320 3294 ιιι,
2337 3260 2437 3287 21.—

392 3320 404 3341 7
428 3314 537 3343 moral.
558 3314 610 3343 lih.
635 3318 674 3344 35,
689 3338 695 3351 ,
713 3325 779 3356 cap.
801 3318 850 3345 10.
