2504 3928
349 161 418 196 331

1116 161 1407 196 GlL1.t··.BERT1
1436 159 1632 194 ABBATIS

350 236 393 271 lis
416 243 451 270 et
473 233 720 272 fraudulentis
739 232 993 278 sermonibus,
1020 233 1235 282 hujusmodi
1264 235 1332 271 ad-
1348 234 1390 252 '¹³³

2313 155 2387 191 332

353 294 614 336 mirationum,
655 292 712 327 vel
749 292 1082 339 interrogationum
1111 295 1335 330 commercia
1352 296 1381 329 A
1403 307 2393 320 =================================================================

352 351 584 387 celebremus
602 351 638 386 iu
656 349 904 386 conventibus
922 351 1069 386 nostris.

412 410 446 445 8.
475 409 626 446 [tinam
644 422 710 444 vos
733 409 822 444 tales
842 409 920 445 sitis
941 409 1042 454 filice,
1060 422 1143 458 quae
1163 411 1247 447 talia
1274 411 1341 446 do-

356 476 478 516 gmata
493 467 710 504 desideretis
724 467 870 504 audire!
890 468 1030 504 utinam
1048 477 1084 504 et
1095 482 1163 517 ego
1181 470 1260 506 talis
1274 471 1341 507 sim

357 539 494 574 sponsa
508 554 517 570 ‚
550 539 569 562 a
597 539 671 574 qua
691 526 843 563 valeatis
877 536 1013 576 parata·
1034 528 1118 564 talia
1141 532 1291 577 petere!
1312 533 1343 567 Ο

357 583 464 620 beata
479 597 568 620 vere
586 593 703 620 mater
723 598 806 633 quae
819 584 887 620 sibi
904 585 975 621 dici
996 586 1124 622 audire
1151 596 1313 623 meretur
1335 602 1342 623 :

363 646 396 678 0
416 644 667 690 pulcherrinm
689 646 876 678 mulierum
890 647 903 679 !
918 648 1027 681 Beata
1048 645 1177 694 plane,
1197 646 1226 681 si
1256 646 1343 695 pul-

363 701 615 738 chritudinem
636 710 774 738 tantam
790 703 971 751 integram
989 712 1122 739 servet.
1144 706 1344 739 Candidio—

359 773 415 795 Γω-
427 787 436 803 ,
453 761 575 808 inquit
588 789 596 805 ‚
615 762 794 795 Nazaraee'
809 766 885 805 ‹jics
903 767 983 797 niue
994 777 1005 798 .·
1019 765 1211 798 nitidiores
1233 766 1342 805 lacte,

363 818 633 853 7·11b1'cm¹‹liorae.’s
649 818 755 854 ebore:
770 824 922 867 antiquo
935 847 946 863 ,
970 821 1146 868 sapphiro
1156 822 1345 870 pulchrio—

363 889 432 912 res.
454 879 659 924 Dem'grata
680 886 733 912 est
750 891 861 925 super
882 877 1056 914 carbones
1066 879 1187 925 facies
1208 893 1343 915 eorum.

362 938 496 983 Magna
518 944 617 971 certe
635 935 859 972 collaudatio
872 964 882 982 ,
900 936 965 973 scd
987 938 1121 974 misera
1137 947 1346 974 comunita-

1611 434 1862 491 SERMO
1926 434 2186 490 XLVIII.

1529 575 1665 606 Dilectus
1683 586 1765 604 nii-us
1781 571 1935 603 candidus
1951 580 1980 603 e!
1995 570 2196 610 rubicundus,
2222 579 2278 604 etc.

1713 626 1832 658 Cautic.
1849 636 1917 667 cap.
1935 638 1965 664 v,
1985 624 2022 660 Ji.
2043 628 2093 656 10.

1800 754 2003 768 ---·-οο<»->ἡ

1469 885 1480 919 l
1494 911 1499 918 .
1519 885 1680 918 Dilectus
1694 896 1795 918 mens
1811 883 1990 917 candidus
2007 890 2040 917 et
2058 880 2278 916 ›ubis-medus
2287 908 2298 925 ‚
2322 884 2398 916 ele-

1412 951 1486 976 ctus
1500 956 1548 976 ar
1563 941 1735 978 millibus,
1751 941 1919 977 Studium
1937 939 2130 988 quaerendi
2151 939 2327 975 dilectum
2342 939 2400 974 in-

368 994 430 1030 tio.
463 994 612 1031 Candor
632 994 746 1038 nivis,
775 995 877 1031 lactis
905 995 1027 1041 nitor,
1053 995 1171 1032 rubor
1201 996 1344 1041 eboris,
1367 998 1393 1031 Β
1414 1000 1639 1036 termittitad
1661 999 1899 1048 teinpuS‚sed
1915 999 1960 1035 ad
1980 1007 2126 1047 tempus
2139 998 2400 1042 modicum‚ut

363 1052 507 1101 puritas
525 1061 560 1088 et
577 1053 818 1102 pulchritudo
835 1055 1020 1104 sapphiri,
1036 1054 1209 1092 carbonis
1228 1055 1347 1092 obdu-

364 1119 502 1147 cuntur
521 1111 727 1160 nigredine.
751 1116 957 1161 Denigrata
975 1123 1026 1149 est
1043 1128 1155 1161 super
1171 1115 1346 1150 car-bones

361 1168 479 1212 sactes
511 1184 654 1215 eorum,
683 1181 718 1207 et
745 1186 818 1208 non
852 1182 934 1208 suut
963 1177 1102 1221 cogniti
1135 1178 1174 1208 ιή
1196 1176 1345 1221 plateis.

362 1231 445 1264 Non
474 1237 561 1265 sunt
587 1230 716 1279 utique
737 1244 806 1281 pro
831 1232 1014 1268 Nazaraeis
1041 1233 1179 1280 cogniti
1201 1232 1278 1281 jam
1310 1233 1347 1268 in

362 1287 505 1335 plateis.
537 1289 661 1325 Silebo
688 1289 734 1325 de
761 1290 852 1326 aliis.
883 1290 1034 1327 Ordinis
1067 1292 1185 1327 nostri
1207 1292 1348 1327 cernite

357 1346 479 1392 viros,
500 1360 612 1395 quam
644 1348 863 1385 admirabile
883 1357 963 1385 erat
993 1362 1130 1385 nomen
1160 1364 1290 1386 eorum
1310 1351 1347 1386 in

358 1404 533 1441 universa
569 1414 680 1442 terra.
718 1410 761 1443 In
793 1408 929 1453 initiis,
961 1409 1114 1456 quando
1146 1410 1208 1444 vix
1240 1418 1348 1445 erant

359 1462 428 1498 visi
456 1463 494 1498 in
517 1464 669 1512 plateis,
706 1466 832 1502 statim
865 1467 1004 1515 cogniti
1035 1480 1107 1516 pro
1145 1469 1347 1505 sanctitatis

357 1520 464 1569 signo
486 1530 594 1557 erant
612 1522 650 1558 in
672 1523 735 1559 eis.
762 1526 869 1560 Nunc
887 1533 1012 1561 autem
1033 1526 1138 1561 nullo
1159 1526 1347 1575 religionis

360 1579 595 1628 discrimine,
612 1582 717 1618 nullo
733 1583 932 1633 privilegio
949 1585 1246 1622 conversationis
1258 1615 1266 1631 ‚
1285 1594 1347 1622 aut

357 1639 484 1684 nullo,
519 1648 582 1676 aut
603 1642 787 1690 praetenui
807 1642 971 1679 distincti
997 1651 1034 1679 et
1062 1645 1194 1691 signati
1221 1653 1347 1681 sunta

361 1698 518 1735 caeteris.
539 1699 629 1736 Ideo
649 1713 726 1736 non
742 1709 829 1737 sunt
844 1702 983 1750 cogniti
1004 1703 1109 1751 quasi
1127 1703 1288 1739 Nazaraei
1310 1703 1346 1739 in

358 1757 503 1807 plateis.
537 1760 761 1808 Frequentia
791 1761 997 1810 platearum
1022 1761 1213 1797 decolorat
1231 1766 1347 1798 Naza-

360 1828 476 1861 raeos,
499 1824 535 1852 et
557 1818 792 1866 peregrinam
821 1819 981 1868 speciem
1007 1820 1162 1857 inducit.
1186 1823 1350 1856 llluecetns

362 1883 415 1909 est
445 1878 550 1910 color
571 1881 754 1923 «manuam
779 1880 936 1925 dispersi
969 1889 1052 1914 sum
1082 1882 1229 1928 lapides
1261 1894 1350 1916 san-

360 1937 491 1968 ctuaric'
512 1938 550 1969 in
571 1939 694 1982 capite
714 1941 877 1972 omnium
894 1940 1103 1984 platearum
1120 1945 1126 1959 ¹
1147 1953 1154 1974 :
1174 1939 1258 1974 ideo
1278 1953 1349 1974 nou

358 2000 444 2026 sunt
475 1995 595 2040 agniti
623 1998 661 2028 m
689 1997 838 2041 plateis,
869 1998 951 2032 Non
987 1997 1201 2045 agnoscitur
1232 1998 1268 2033 in
1299 1998 1350 2034 eis

361 2050 510 2086 nativus
540 2051 703 2098 candor,
731 2066 806 2089 non
837 2054 958 2100 nitor,
991 2068 1066 2091 non
1098 2055 1237 2101 rubor,
1273 2070 1349 2092 non

359 2109 614 2157 pulchritudo.
629 2111 819 2159 Quidquid
833 2114 931 2149 enim
946 2114 1013 2149 ista
1029 2115 1256 2161 significent,
1271 2116 1352 2163 pul—

362 2167 610 2203 ehritudinem
631 2182 802 2217 magnam
824 2169 1044 2219 depingunt.
1066 2171 1155 2207 Ideo
1172 2186 1246 2207 non
1268 2183 1352 2209 sunt

359 2230 495 2272 cogniti
509 2229 709 2274 iteplateis.
734 2229 781 2264 Hi
801 2232 1059 2265 Nazaraeorum
1082 2230 1226 2265 colores
1242 2239 1349 2275 sunt,

361 2284 397 2319 hi
415 2297 562 2332 sponsae
576 2286 685 2322 etiam
701 2295 738 2322 et
751 2288 878 2335 sponsi
901 2296 998 2323 sunt.
1023 2291 1114 2324 Nam
1136 2297 1172 2323 et
1194 2302 1350 2337 spsonsa

364 2341 486 2378 hocin
502 2343 585 2378 loco
607 2344 773 2391 loquitur
787 2353 823 2380 ct
843 2345 950 2381 dicit:
967 2349 1127 2381 Dilectus
1148 2360 1248 2382 meus
1265 2362 1351 2383 ccm-

363 2403 472 2436 ‹lidus
488 2410 524 2436 et
538 2401 773 2438 rubicundus.
795 2403 891 2439 Talis
911 2412 964 2439 est
979 2407 1174 2441 Nazaraeus
1201 2414 1350 2452 noster,

366 2460 425 2495 cui
446 2460 671 2496 assimilatur
690 2464 950 2498 Nazaraeorum
979 2464 1102 2509 color,
1130 2465 1353 2501 assimilatur

1413 1059 1504 1095 silias
1520 1060 1689 1095 instruat.
1712 1058 1952 1095 Delectabilia
1968 1057 2182 1096 necessariis
2195 1057 2397 1092 interrum-

1413 1119 1480 1167 pit3
1495 1132 1562 1155 nec
1575 1127 1697 1154 tamen
1711 1118 1789 1154 sine
1803 1118 1999 1154 dilectione
2011 1116 2175 1165 estquod
2188 1115 2409 1165 sponsimes

1414 1178 1568 1213 moriter
1579 1178 1952 1226 recensetprzeeonia.
1970 1178 2104 1214 Dulccs
2120 1176 2219 1212 enim
2232 1173 2400 1211 saucibus

1413 1251 1560 1286 sponsae
1581 1237 1706 1273 laudes
1722 1245 1807 1273 sunt
1827 1237 1967 1286 sponsi.
1990 1236 2050 1272 Pia
2068 1243 2186 1271 mater
2203 1242 2239 1270 et
2262 1246 2400 1283 sponsa

1412 1296 1579 1345 prudens
1609 1297 1699 1332 {ilias
1728 1296 1926 1338 informat,
1950 1293 2190 1330 commendat
2209 1292 2399 1328 dilectum.

1413 1359 1502 1391 Jure
1531 1355 1717 1403 prudens,
1751 1363 1823 1390 tam
1856 1362 1983 1403 parata
2003 1361 2038 1389 ct
2060 1361 2132 1388 tam
2162 1352 2315 1401 profusa
2333 1350 2400 1386 ha-

1413 1413 1506 1449 bens
1531 1426 1614 1461 quae
1634 1414 1833 1461 eloquatur
1863 1412 1908 1448 de
1936 1424 2088 1460 sponso.
2122 1410 2329 1458 Diligenter
2347 1408 2400 1444 illi

1414 1472 1558 1521 singula
1577 1472 1693 1520 ipsius
1709 1479 1745 1507 et
1758 1479 1884 1507 notata
1902 1478 2009 1514 sunt,
2022 1477 2060 1505 ct
2077 1468 2277 1517 recogitata
2290 1475 2377 1504 sunt
2389 1496 2398 1514 ,

1413 1543 1495 1578 quae
1513 1538 1585 1565 tam
1609 1529 1646 1565 in
1670 1537 1849 1579 promptu
1870 1537 1968 1564 sunt.
1987 1527 2155 1563 Trahunt
2174 1526 2319 1574 singula
2339 1526 2396 1562 af·

1414 1589 1550 1624 fectum
1572 1587 1670 1634 ejus,
1701 1601 1784 1636 quae
1810 1588 2000 1624 memoriae
2022 1595 2094 1622 tam
2125 1585 2303 1622 tenaciter
2322 1585 2398 1620 hae-

1414 1656 1510 1683 rent.
1534 1648 1665 1691 Color,
1686 1655 1797 1695 caput
1811 1674 1820 1691 ‚
1844 1659 1980 1690 comae,
2001 1645 2117 1690 oculi,
2140 1657 2262 1693 genae,
2283 1642 2395 1688 labia,

1414 1718 1546 1742 manus
1560 1734 1569 1751 ,
1589 1715 1740 1750 venter,
1760 1719 1888 1750 crura,
1907 1717 1994 1754 pes,
2014 1712 2160 1752 guttur,
2181 1702 2307 1739 omnia
2322 1702 2399 1738 haec

1367 1766 1393 1800 C
1415 1766 1568 1814 figurate
1589 1764 1852 1801 describuntur
1871 1765 1908 1799 in
1933 1762 2041 1799 laude
2064 1762 2204 1811 sponsi.
2228 1764 2275 1797 Et
2293 1762 2399 1809 quasi

1419 1825 1457 1861 in
1472 1825 1638 1861 clausula
1655 1832 1690 1860 et
1711 1823 1815 1860 brevi
1833 1823 1996 1871 capitulo
2013 1830 2130 1858 totum
2151 1819 2398 1863 concludens,

1420 1886 1547 1928 Totus,
1568 1884 1711 1932 inquit,
1731 1882 1981 1918 desiderabilis
1998 1896 2008 1916 .·
2025 1889 2139 1929 utque
2162 1880 2199 1915 in
2216 1879 2274 1915 his
2294 1892 2402 1914 amo-

1419 1943 1468 1978 ris
1484 1943 1539 1979 sui
1560 1951 1690 1991 parata
1711 1942 1886 1978 alimenta
1913 1941 2087 1985 edoceat,
2114 1940 2214 1974 Talis
2234 1947 2306 1981 est,
2329 1937 2400 1982 ait,

1416 2003 1569 2037 (lllectas
1589 2015 1689 2036 meus
1702 2029 1712 2045 ,
1744 2010 1778 2036 ec
1797 2006 1875 2049 ipse
1894 2009 1946 2036 est
1968 2006 2111 2035 amicus
2136 2012 2251 2034 meas.
2273 1996 2404 2034 Videte

1416 2059 1453 2094 in
1485 2060 1538 2095 his
1559 2058 1735 2095 omnibus
1765 2059 1979 2094 doctrinam
2004 2069 2169 2106 sponsae,
2191 2055 2315 2091 videte
2336 2054 2404 2091 de·-

1417 2118 1608 2152 votionem
1623 2145 1633 2161 ,
1673 2118 1796 2153 videte
1826 2116 2073 2164 diligentiam,
2107 2115 2164 2150 vel
2199 2112 2403 2162 quaerendo

1417 2174 1616 2219 dilectum,
1648 2176 1704 2210 vel
1738 2174 1959 2210 instruendo
1983 2173 2094 2217 lilias,
2123 2173 2182 2208 vel
2203 2171 2404 2208 recolendo

1417 2233 1544 2269 laudes
1562 2233 1689 2282 ipsius.
1721 2233 1868 2270 Obnixc
1897 2231 2064 2280 adjurat,
2097 2238 2224 2279 parate
2244 2242 2404 2278 respon-

1416 2292 1498 2337 det,
1529 2293 1666 2339 ligurat
1683 2300 1815 2328 ornate
1828 2321 1837 2336 ‚
1867 2291 2039 2327 distincte
2056 2289 2235 2339 partitur,
2257 2288 2404 2324 succin-

1417 2360 1474 2386 cte
1498 2351 1722 2399 pertransit,
1763 2350 1976 2386 summatim
2010 2348 2179 2396 stringit,
2211 2355 2247 2383 et
2278 2347 2404 2382 nescio

1418 2421 1462 2443 an
1500 2408 1726 2444 sufficienter
1766 2407 1954 2456 exprimit.
1999 2407 2081 2443 Scio
2116 2404 2267 2454 quidem
2302 2403 2405 2452 quod

1418 2467 1618 2503 affectuose
1639 2466 1830 2503 concludit
1847 2480 1854 2502 t
1878 2469 1977 2501 Talis*
1997 2474 2050 2499 est
2065 2467 2218 2499 dilectus
2238 2476 2356 2507 mens,
2370 2472 2406 2498 et

362 2526 398 2554 et
414 2531 561 2567 sponsae
574 2520 690 2556 color.
708 2521 775 2556 Illa
790 2522 888 2556 enim
903 2524 1075 2558 Nazaraea
1090 2531 1143 2558 est
1157 2551 1166 2567 ,
1186 2526 1349 2559 Domino
1371 2528 1402 2561 D
1421 2530 1497 2573 ipse
1515 2535 1567 2560 est
1588 2531 1730 2560 (unicas
1750 2538 1861 2560 mens.
1883 2523 2052 2560 Laudum
2077 2523 2231 2558 istarum
2250 2534 2404 2571 magnus

364 2590 403 2612 se
424 2581 511 2613 Jesu
521 2581 695 2615 Nazaraeo
714 2579 904 2616 devovens
915 2589 951 2616 et
967 2581 1197 2630 desponsans
1213 2597 1219 2618 :
1237 2596 1349 2630 quam

365 2649 450 2671 cum
468 2637 576 2672 talem
591 2638 860 2684 invenerimus,
878 2640 1134 2676 collaudemus
1146 2642 1351 2690 pulchritu-

362 2693 488 2730 dinem
511 2694 610 2743 ejus,
643 2698 880 2733 consulamus
906 2699 1090 2747 peritiam.
1136 2702 1266 2745 Qualis
1299 2709 1353 2735 est

362 2754 516 2787 Allectus
543 2762 625 2788 tuns
645 2768 693 2789 ex·
719 2756 868 2798 Allecto,
891 2770 910 2789 ο
934 2757 1183 2803 pulclwrrima
1214 2759 1346 2791 mulie-

363 2824 439 2845 rum
453 2814 474 2846 Ρ
487 2815 610 2859 qualis
626 2822 677 2848 est
695 2816 849 2849 dilectus
864 2822 945 2849 tutes
955 2843 966 2859 ,
983 2820 1160 2862 quoniam
1177 2820 1227 2850 sic
1247 2817 1350 2860 (alju-

364 2874 566 2907 rustinus?
589 2871 660 2908 Sed
677 2871 752 2919 jam
779 2872 857 2920 ipsa
885 2872 1008 2909 dilecti
1032 2873 1087 2909 sui
1105 2873 1232 2909 laudes
1252 2881 1350 2909 rete-

365 2936 426 2963 xat
448 2930 598 2965 Domini
617 2934 724 2975 Jesu,
743 2931 805 2979 qui
828 2932 918 2967 x‘ix·it
934 2940 970 2968 ct
990 2940 1119 2981 regnat
1140 2946 1206 2981 per
1222 2933 1348 2969 omnia

362 2988 498 3023 saecula
516 2990 751 3025 saeculorum.
769 2994 901 3027 Amen.

410 3236 417 3250 ¹
441 3230 554 3260 'itu-vn.
577 3243 621 3268 iv,
641 3235 671 3269 7,
694 3238 733 3269 8,
757 3237 782 3262 1.
817 3238 1104 3275 —··Sap.x11,'*.⁴‘·.

1417 2584 1596 2629 ambitus,
1617 2592 1652 2620 et
1674 2597 1830 2632 magnus
1850 2584 1958 2632 plane
1976 2595 2081 2618 amor
2103 2580 2298 2617 laudantis.

1470 2645 1505 2679 2.
1525 2648 1605 2680 Jam
1627 2644 1793 2693 singulos
1816 2643 1935 2679 laudis
1962 2641 2072 2690 hujus
2089 2641 2265 2677 articulos
2284 2641 2405 2676 revol-

1417 2715 1557 2738 vamus.
1581 2705 1743 2738 DIlecms
1768 2715 1866 2737 meus
1894 2704 2077 2736 candidus
2104 2709 2137 2735 et
2162 2699 2402 2742 rubicundus,

1417 2763 1548 2795 electas
1569 2774 1617 2795 ‹zz-
1635 2761 1805 2796 millibus.
1826 2760 2029 2809 Singularis
2047 2759 2209 2794 mixtura
2226 2765 2281 2793 est
2302 2757 2405 2793 colo-

1417 2832 1521 2864 rum,
1551 2820 1613 2868 qui
1642 2820 1677 2855 in
1707 2821 1783 2856 sola
1801 2832 1961 2869 persona
1988 2817 2140 2855 Domini
2160 2820 2404 2864 Jesuopera-

1417 2879 1517 2914 tione.
1531 2877 1655 2914 ‹lix-ina
1669 2886 1929 2914 eom-encrunt
1943 2878 1977 2913 in
1990 2890 2122 2921 unum,
2137 2889 2205 2912 nec
2218 2875 2268 2911 sic
2280 2883 2321 2910 ut
2333 2875 2407 2911 sint

1417 2950 1513 2972 unus
1527 2965 1536 2981 ,
1553 2936 1617 2972 sed
1635 2945 1675 2972 ut
1695 2937 1767 2972 sint
1790 2937 1825 2972 in
1848 2950 1937 2972 uno,
1955 2940 1985 2973 Ο
1999 2935 2182 2984 gratiosus
2194 2946 2355 2983 sponsus
2370 2941 2407 2969 et

1416 2995 1586 3031 amabilis
1600 2995 1724 3040 valde,
1743 2996 1778 3031 in
1801 3009 1876 3044 quo
1900 2994 2088 3043 generatio
2106 2993 2231 3029 divina
2252 2992 2404 3036 candet,

1418 3064 1453 3090 et
1482 3053 1590 3090 rubet
1626 3055 1812 3090 humana!
1833 3058 1916 3103 Ipse
1947 3062 2001 3089 est
2027 3053 2125 3089 enim
2153 3051 2294 3088 candor
2318 3051 2409 3087 lucis

1420 3119 1602 3150 aeternae22
1619 3113 1696 3162 ipse
1717 3113 1782 3150 etsi
1799 3126 1874 3149 non
1889 3125 1933 3149 cx
1951 3111 2207 3161 sanguinibus,
2224 3123 2346 3159 neque
2361 3122 2404 3145 ex
