2504 3928
326 136 397 171 ³107
865 142 1134 175 ADMONI‘HO
1165 141 1209 174 lx
1241 141 1529 185 sliQtuix'rEM
1564 140 1842 175 l·3[‘ls'1'()1„2m1.
2294 143 2361 178 '108

335 246 348 255 ·»
377 228 471 263 sarie
498 227 545 264 ad
571 228 703 264 [aciem
721 258 729 272 ,
753 246 768 260 »ι
793 237 864 264 etc.
890 228 1024 277 Capite
1046 229 1244 278 sequenti,
1272 227 1345 264 cibi
1368 226 1531 264 modum
1559 227 1806 276 pra-scribens
1835 244 1842 264 :
1877 245 1892 260 ιι
1916 227 1973 265 De
1991 227 2248 266 condimentis
2274 243 2363 267 vero

332 309 347 321 »ι
373 291 534 328 sulliciat
547 321 554 335 ‚
581 292 736 329 obsecro
751 322 759 336 ,
783 302 825 329 ut
840 291 1099 329 comestibiles
1118 293 1211 329 liant
1232 291 1307 328 cibi
1328 293 1446 328 nostri
1464 321 1472 338 ,
1493 305 1569 328 uon
1586 293 1702 328 ctiam
1719 291 2033 341 concupiscibiles
2046 321 2055 338 ,
2076 291 2135 330 vel
2151 291 2364 330 delectabi-

329 372 344 383 »·
365 355 430 392 les.
468 373 482 385 ι·
519 356 560 391 ΕΙ
592 369 674 404 cap.
716 357 781 399 13,
809 354 997 393 solitarios
1020 355 1189 405 Apostoli
1220 355 1345 394 verbis
1372 356 1598 401 exhortans,
1626 366 1667 394 ut
1698 371 1787 394 cum
1814 356 1965 394 silentio
1990 365 2194 407 operantes
2221 371 2362 408 panem

324 433 439 456 suum
468 419 706 457 manducent
723 427 749 465 ¹,
776 419 884 458 addit
909 436 917 457 :
953 439 968 453 ιι
1000 421 1208 458 Yeseamur
1232 420 1368 458 saltem
1398 421 1610 459 secundum
1642 433 1796 470 poeuam
1815 420 1903 458 Adae
1923 434 2022 470 pane
2044 430 2197 468 nostro,
2226 423 2255 458 si
2285 436 2362 459 non

328 502 341 514 υ
369 497 576 532 possumus
594 485 630 520 in
647 483 786 521 sudore
803 484 934 521 vultus
950 486 1087 529 nostri,
1109 484 1293 522 indolere
1308 485 1431 522 cordis
1449 487 1587 531 nostri;
1609 487 1646 522 in
1669 485 1846 536 lacrymis
1876 484 2018 523 doloris
2036 514 2045 532 ,
2067 487 2095 523 si
2123 500 2200 524 non
2221 499 2363 536 possu-

327 564 343 576 ι»
364 560 451 583 mus
468 548 504 584 in
522 546 661 585 sudore
677 547 831 586 laboris.
852 548 1036 599 Magnam
1054 549 1153 586 hanc
1168 549 1360 598 jacturam
1379 550 1624 599 professismis
1642 558 1778 587 nostrw
1792 548 1970 600 suppleat
1985 551 2107 600 pietas
2123 580 2131 596 ‚
2150 564 2191 587 ae
2209 550 2362 589 devotio

326 629 341 641 n
361 613 597 650 conscientia}
613 612 786 650 humilis.
813 631 829 645 n
853 613 960 650 Mhil
975 613 1116 651 clarius
1132 615 1176 650 iis
1201 614 1348 660 verbis,
1370 633 1385 647 ιι
1405 614 1652 663 professionis
1668 624 1804 652 nostra*
1820 644 1828 660 ,
1852 633 1865 647 υ
1886 615 2030 666 quibus
2043 614 2363 654 Cartusianorum

322 677 549 714 institutum
569 688 698 728 aperte
721 677 894 729 designat
908 707 917 723 ,
946 691 1116 728 quorum
1146 687 1273 728 patres
1290 708 1298 723 ,
1318 680 1468 728 antiqui
1496 678 1549 715 illi
1576 680 1745 716 eremita»
1771 688 1810 716 ct
1826 678 2052 716 Thebaiden
2071 679 2298 727 incolentes,
2319 689 2363 718 ut

323 742 433 779 initio
456 743 590 792 capitis
606 743 769 792 explicat
791 773 800 789 ,
831 743 1059 780 laborabant
1077 744 1257 780 manibus
1273 745 1352 780 suis
1368 773 1376 785 ,
1394 753 1427 780 et
1450 743 1496 780 de
1515 743 1646 780 labore
1664 757 1734 781 suo
1757 757 1944 793 pauperes
1965 744 2186 794 pascebant.
2209 744 2360 790 Patres,

324 805 506 855 inquam.
528 820 617 843 suos
644 817 774 850 vocat,
805 822 879 844 uon
918 807 1166 845 Benedictum
1183 837 1191 851 ,
1221 822 1297 845 non
1326 807 1568 845 bernardum
1587 838 1595 853 ,
1620 822 1696 845 uon
1731 807 1916 846 Basilium
1946 818 2015 846 aut
2044 808 2165 846 alium
2184 811 2362 859 quemvis

321 870 629 908 css‘nohiarcham
650 901 658 916 ,
685 871 751 908 scd
767 886 830 909 eos
846 874 911 922 qni
934 892 950 906 ιι
970 873 1006 909 ἰιι
1025 873 1190 923 ,Ἰζὶςῖριο
1205 882 1242 910 et
1263 872 1489 917 'Fla-baula,
1507 882 1644 910 sancta·
1662 872 1781 921 hujus
1797 874 1882 910 vitai
1912 873 2166 910 ardentissimi
2195 873 2362 911 temula-

327 952 342 965 ι»
375 944 477 972 tores
491 965 500 978 ,
525 937 560 972 iu
581 935 856 973 solitudinibus
876 936 1125 987 degentes...
1146 939 1214 988 ipsi
1239 937 1311 975 sibi
1341 937 1455 975 cellas
1471 937 1734 981 aedificabant,
1756 937 1952 987 inquibus
1969 938 2056 975 tecti
2077 938 2352 975 tantummodo

325 1009 391 1037 net
418 1001 663 1051 circumsepti
688 1016 708 1038 a
734 1001 889 1039 turbiue
917 1011 954 1039 et
979 1017 998 1039 a
1034 1001 1165 1051 pluvia
1194 1002 1449 1047 tutabantur,
1486 1003 1522 1039 in
1551 1001 1697 1052 quibus
1723 1003 1925 1039 eremiticae
1954 1001 2188 1053 frugalitatis
2217 1001 2362 1040 deliciis

327 1084 339 1093 »ι
361 1066 582 1109 affluentes,
619 1064 905 1115 locupletal›.·mt
942 1065 1086 1102 multos
1114 1067 1181 1115 ipsi
1209 1076 1372 1116 egentes.
1401 1085 1415 1098 ιι
1444 1067 1501 1103 En
1529 1068 1646 1117 igitur
1686 1069 1891 1104 eremitam
1911 1097 1920 1110 ,
1952 1068 2132 1104 eremitas
2163 1066 2364 1117 alloquen-

323 1138 426 1168 tem.
454 1137 611 1178 patrum
649 1143 810 1166 suorum
837 1130 1089 1166 eremitarum
1116 1131 1151 1166 in
1183 1130 1335 1180 sl·]{’,)'1‘ti
1364 1140 1402 1167 et
1442 1130 1658 1168 Thebaidis
1692 1131 1970 1169 solitudinibus
1995 1140 2033 1168 et
2058 1130 2200 1168 vilibus
2226 1131 2363 1169 casulis

319 1192 543 1243 degentium
573 1193 865 1238 aemulator-enm
897 1194 1115 1244 (hugonem
1147 1193 1308 1243 proinde
1335 1195 1630 1241 Cartusianum,
1663 1210 1740 1233 non
1762 1205 1862 1234 ccrte
1884 1194 2124 1233 Willclmum
2153 1194 2359 1240 abbatem,

320 1258 380 1293 cui
404 1256 480 1293 ha¹c
497 1258 656 1294 minime
671 1259 923 1294 conveniunt.

373 1324 408 1358 S.
436 1321 511 1359 Sed
532 1324 562 1359 si
583 1323 641 1358 cui
665 1322 834 1359 dubium
855 1321 983 1358 adhue
1002 1332 1234 1372 superesset,
1257 1325 1443 1362 eximeret
1459 1339 1616 1375 prorsus
1635 1326 1742 1375 quod
1761 1326 1891 1364 scribit
1911 1336 2044 1364 auctor
2063 1327 2235 1376 ejusdcm
2255 1326 2358 1372 libri,

319 1400 400 1435 cap.
432 1388 491 1422 12.
518 1386 616 1423 Cum
647 1387 750 1423 enim
780 1387 984 1436 accepisset
1007 1386 1186 1423 aedificari
1219 1401 1239 1423 a
1264 1389 1373 1425 novis
1395 1388 1469 1426 illis
1489 1388 1725 1426 Montis-Dei
1756 1390 1990 1428 Cartusianis
2009 1391 2128 1441 paulo
2150 1400 2363 1441 sumptuo-

319 1450 451 1493 siores,
475 1464 594 1499 quam
625 1450 807 1496 decebat,
829 1464 1046 1500 eorumque
1069 1451 1233 1488 instituti
1264 1450 1366 1502 leges
1393 1452 1588 1499 ferebant,
1610 1453 1738 1497 cellas,
1766 1453 1862 1490 nihil
1886 1468 1963 1491 non
1983 1456 2061 1505 agit
2077 1464 2122 1492 ut
2138 1468 2201 1492 eos
2223 1468 2244 1492 a
2266 1469 2363 1505 pro-

319 1515 443 1563 posito
471 1514 716 1561 dehortetur,
746 1515 854 1553 etad
885 1516 1087 1565 pristinam
1122 1524 1281 1565 patrum
1304 1528 1465 1553 suorum
1504 1516 1789 1566 simplicitatem
1825 1532 1867 1555 ac
1894 1527 2163 1568 paupertatem
2198 1527 2359 1556 revocet.

324 1600 336 1611 -ι
361 1580 469 1625 Jam,
491 1598 507 1612 υ
533 1581 680 1630 inquit,
707 1600 722 1614 ιι
753 1581 988 1618 subintravit
1007 1580 1053 1617 dc
1085 1594 1156 1618 acre
1176 1580 1302 1618 alieno
1331 1590 1580 1631 sumptuosa,
1609 1590 1666 1628 et,
1688 1591 1881 1631 quantum
1902 1581 2030 1632 pudor
2060 1583 2120 1619 vix
2140 1583 2252 1628 sinit,
2273 1596 2363 1619 am—

322 1662 336 1675 ›·
361 1643 499 1681 bitiosa
520 1644 705 1682 cellarum
736 1645 935 1683 a‘dificatio
968 1663 976 1683 :
1012 1654 1052 1682 et
1085 1644 1236 1694 abjecta
1256 1654 1384 1682 sancta
1406 1645 1651 1695 simplicitate
1682 1654 1720 1682 et
1749 1647 2010 1683 rusticitate...
2039 1647 2148 1696 quasi
2173 1645 2363 1697 religiosas

323 1728 337 1739 »ι
361 1708 550 1758 quasdam
570 1709 680 1747 nobis
699 1724 876 1747 creamus
895 1710 1185 1748 habitationum
1206 1709 1443 1755 lronestates;
1467 1711 1504 1747 in
1529 1710 1674 1760 quibus
1697 1720 1851 1748 tantum
1870 1723 2115 1761 compassum
2135 1721 2191 1749 est
2209 1712 2361 1748 anima-

325 1794 336 1803 ‚v
363 1773 480 1820 libus,
501 1783 544 1811 ut
575 1789 672 1823 pene
692 1789 827 1813 omnes
844 1776 882 1812 in
905 1775 976 1813 hoc
999 1775 1117 1813 effecti
1139 1775 1260 1812 simus
1276 1775 1477 1812 animales.
1501 1774 1709 1812 Dimissam
1729 1775 1834 1813 enim
1856 1775 1964 1813 vohis
1989 1789 2009 1812 a
2028 1775 2204 1825 patribus
2224 1777 2363 1812 nostris

322 1854 338 1868 υ
360 1838 445 1885 jure
466 1837 709 1875 ha‘reditario
726 1839 893 1875 l'ormam
911 1839 1166 1889 paupertatis,
1182 1846 1219 1875 et
1237 1838 1385 1877 Sanctae
1400 1838 1656 1889 simplicitatis
1672 1840 1835 1889 speciem
1848 1869 1857 1885 ,
1875 1853 2012 1876 verum
2027 1839 2202 1877 decorem
2222 1838 2363 1877 domus

322 1921 336 1933 u
364 1902 458 1948 Dei,
479 1902 688 1940 alienantes
709 1918 730 1940 a
749 1903 859 1941 nobis
875 1913 911 1941 et
934 1918 954 1941 a
975 1902 1080 1940 cellis
1098 1904 1250 1947 nostris,
1277 1916 1346 1951 per
1371 1916 1511 1939 manus
1529 1903 1723 1940 artificum
1747 1903 2028 1952 exquisitorum
2050 1902 2162 1940 cellas
2185 1916 2263 1939 non
2284 1911 2362 1939 tam

322 1986 337 1998 υ
362 1968 590 2012 eremiticas,
611 1982 731 2017 quam
752 1969 980 2005 aromaticas
1000 1967 1234 2004 aedificamus
1255 1966 1382 2012 nobis,
1404 1966 1573 2017 singulas
1593 1968 1631 2003 in
1650 1966 1762 2004 titulo
1779 1975 1935 2005 centum
1961 1966 2196 2014 solidorum,
2217 1980 2363 2004 concu-

323 2051 338 2064 »
363 2033 564 2082 piscentias
591 2032 794 2070 oculorum
814 2042 1038 2070 nostrorum
1062 2032 1109 2069 de
1138 2032 1392 2081 eleemosynis
1411 2044 1644 2080 pauperum.
1666 2031 1858 2080 Amputa,
1888 2029 2076 2077 Domine,
2107 2029 2360 2080 opprobrium

322 2115 338 2129 ι»
361 2106 518 2134 centum
538 2096 752 2134 solidorum
769 2112 790 2134 a
807 2097 911 2134 cellis
930 2110 1151 2147 pauperum
1172 2105 1347 2133 tuorum.
1371 2094 1450 2131 Cur
1466 2108 1543 2131 non
1560 2095 1690 2144 potius
1710 2103 1867 2131 centum
1892 2093 2172 2131 denariorum?
2199 2108 2267 2131 cur
2287 2106 2363 2130 non

321 2179 337 2191 υ
366 2162 494 2210 potius
515 2160 741 2197 nullorum?
769 2175 838 2198 cur
864 2175 941 2198 non
961 2161 1092 2211 potius
1111 2161 1228 2211 gratis
1250 2160 1317 2197 filii
1338 2160 1467 2210 gratiae
1494 2160 1564 2208 ipsi
1593 2158 1806 2196 aedificant?
1833 2177 1848 2191 n
1874 2159 1918 2195 In
1943 2159 1987 2195 iis
2010 2157 2136 2195 verbis
2154 2171 2270 2195 nemo
2285 2171 2363 2194 non

317 2224 606 2273 deprehendat,
629 2239 705 2262 non
723 2225 986 2261 Guillelmum
999 2254 1007 2268 ,
1026 2239 1104 2261 non
1134 2223 1373 2261 Bernardum
1387 2253 1396 2268 ,
1418 2232 1485 2260 aut
1505 2222 1626 2259 alium
1644 2224 1824 2273 quemvis
1841 2222 2078 2260 monachum
2098 2221 2362 2259 ccrnobiticam

320 2290 438 2326 vitam
456 2298 634 2339 agentem
647 2319 655 2333 ,
677 2289 822 2339 quibus
839 2288 941 2325 cellae
958 2288 1185 2339 singulares,
1206 2287 1478 2325 multominus
1492 2288 1717 2332 eremiticae,
1737 2296 1827 2324 tunc
1845 2288 2029 2336 temporis
2047 2285 2220 2323 nondum
2237 2294 2362 2331 erant,

321 2354 451 2403 utqui
472 2367 606 2389 omnes
627 2354 664 2390 in
689 2353 886 2389 communi
911 2352 1154 2394 dormitoriO,
1185 2351 1350 2389 necdum
1380 2353 1418 2388 in
1447 2350 1558 2388 cellas
1586 2351 1724 2398 diviso,
1755 2350 2001 2388 dormiebant
2030 2367 2038 2387 ε
2070 2350 2134 2387 sed
2161 2351 2365 2387 eremitam

320 2418 613 2462 Cartusianum,
637 2418 886 2454 eremitarum
917 2426 1069 2466 patrem
1094 2415 1329 2467 generalem,
1361 2416 1428 2465 qui
1457 2414 1607 2462 doleat,
1632 2415 1728 2452 filios
1751 2428 1839 2451 suos
1863 2415 1942 2463 jam
1968 2414 2018 2451 ab
2042 2415 2144 2451 avita
2170 2414 2365 2451 eremitica

319 2482 563 2532 simplicitate
583 2482 809 2533 degeneres,
831 2481 1015 2519 awlificare,
1036 2482 1107 2519 sibi
1136 2495 1269 2518 curare
1294 2480 1421 2526 cellas,
1445 2494 1518 2516 non
1549 2479 1685 2529 quales
1714 2480 1892 2517 eremitas
1918 2478 2099 2525 decebat,
2133 2477 2200 2516 sed
2228 2492 2364 2528 super-

320 2548 445 2584 biores
463 2561 583 2597 quam
613 2546 792 2584 serebant
815 2548 1069 2584 eremitarum
1091 2547 1286 2591 instituta,
1312 2546 1380 2595 qui
1401 2545 1571 2582 humiles
1595 2559 1712 2591 casas,
1743 2545 1936 2594 majorum
1971 2543 2164 2594 exemplo,
2192 2544 2261 2594 ipsi
2290 2542 2362 2580 sibi

319 2612 505 2649 wditicare
523 2612 728 2649 debebant.
753 2613 848 2649 llinc
865 2612 971 2649 addit
991 2629 998 2649 :
1023 2631 1038 2644 ιι
1059 2611 1174 2661 Ergo,
1197 2611 1369 2657 obsecro,
1388 2611 1425 2646 in
1443 2610 1749 2660 peregrinatione
1769 2609 1888 2658 hujus
1903 2607 2050 2655 sa‘culi,
2074 2609 2113 2644 in
2136 2607 2273 2644 militia
2292 2606 2364 2644 hac

324 2696 337 2706 x·
366 2691 483 2726 super
503 2686 666 2719 terram,
689 2675 923 2713 aedificemus
953 2675 1077 2721 nobis,
1104 2690 1180 2713 non
1198 2675 1334 2713 domos
1359 2674 1406 2711 ad
1425 2673 1707 2720 habitandum,
1736 2673 1802 2711 sed
1827 2671 2077 2710 tabernacula
2103 2671 2153 2709 ad
2181 2671 2365 2709 deseren-

326 2762 329 2771 ι
365 2740 530 2777 ‹lum....
555 2739 762 2790 Numquid
786 2754 862 2777 non
881 2739 990 2777 facile
1015 2749 1071 2777 est
1091 2739 1274 2785 solitario,
1294 2748 1331 2776 et
1350 2738 1544 2775 sulliciens
1563 2748 1729 2784 naturae,
1753 2748 1790 2775 ct
1811 2737 1906 2775 utile
1926 2737 2181 2783 conscientiae,
2205 2737 2273 2786 ipsi
2291 2735 2363 2773 sibi

325 2827 336 2833 »1
365 2803 498 2840 cellam
517 2803 563 2840 (le
582 2805 695 2853 virgis
714 2813 916 2841 contexere
930 2833 938 2849 ,
959 2803 1006 2840 (le
1026 2802 1111 2841 luto
1128 2803 1338 2853 plasmare,
1362 2803 1640 2853 undecumque
1667 2803 1839 2853 operire,
1867 2811 1905 2839 et
1924 2802 2189 2839 decentissime
2208 2800 2365 2838 inhabi-

323 2886 337 2899 »ι
368 2878 446 2905 tare
459 2870 471 2904 ζ’
495 2869 541 2905 Et
565 2868 661 2917 quid
677 2867 846 2917 amplius
867 2877 922 2905 est
943 2868 1221 2918 requirendum
1238 2869 1317 2905 ?....
1341 2868 1509 2905 Obsecro
1528 2881 1632 2918 ergo,
1652 2877 1695 2904 ut
1714 2877 1897 2905 maneant
1917 2866 2018 2904 ccllae
2036 2866 2108 2903 illae
2126 2865 2364 2904 delicatiores

324 2953 337 2963 ·›
365 2935 462 2970 sicut
483 2934 587 2970 sactae
606 2943 716 2977 sunt,
738 2932 800 2969 scd
826 2947 899 2969 non
919 2942 1060 2970 crescat
1081 2947 1268 2971 numerus
1285 2947 1440 2978 earum;
1468 2934 1621 2983 sintque
1644 2933 1680 2969 in
1707 2932 1983 2970 valetudinaria
2004 2930 2190 2970 fratribus
2209 2931 2365 2967 anima-

322 3017 337 3029 »
366 2998 467 3034 libus
495 3007 532 3034 et
554 2996 851 3042 infirmioribus,
873 2997 994 3034 donec
1015 2997 1349 3036 convalescant....
1370 2999 1558 3036 Maneant
1588 3000 1625 3034 in
1654 2997 1878 3047 exemplum
1906 2997 2068 3046 posteris
2092 2996 2244 3042 nostris,
2270 2996 2362 3045 quia

324 3084 326 3091 ν
366 3062 457 3099 tales
484 3062 674 3098 habuistis
701 3071 738 3099 ct
763 3063 970 3111 sprevistis.
996 3081 1010 3094 »
1034 3063 1123 3110 Quo
1140 3063 1246 3112 jure,
1269 3077 1412 3113 quwso.
1442 3061 1661 3099 willelmus
1687 3070 1875 3112 przccepta
1903 3060 1981 3098 lia-c
2011 3059 2158 3101 alicnis,
2190 3072 2359 3109 quorum

366 3217 370 3230 ¹
398 3212 421 3238 ll
449 3208 613 3238 lla-mni.
638 3212 685 3237 1”’.
