2504 3928
344 187 411 222 io?

1111 189 1138 223 G
1149 189 1396 224 lLLEBERTl
1428 191 1626 224 ABBA‘rls

2313 191 2380 226 lOS

337 261 866 308 delinimusfricet-v,,irritum
881 268 903 296 ¹.
927 261 1027 298 Felix
1046 262 1110 311 qui
1132 270 1274 299 tantum
1293 272 1328 299 et
1349 262 1376 279 ⁴⁰
1396 265 1537 300 sunium
1572 265 1710 313 gloriae.
1744 265 1872 313 Qualis
1901 274 1974 312 est,
2007 274 2132 316 putas,
2167 267 2381 316 perventio;

342 321 449 356 talem
478 320 546 356 sibi
575 320 713 367 colligit
740 320 953 368 pulverem,
979 330 1019 357 ut
1037 334 1121 369 quae
1146 319 1329 370 jubentur
1347 327 1375 360 Α
1394 338 1478 360 cmn
1499 333 1570 361 tam
1591 325 1770 361 delicatus
1785 325 1831 361 sit
1847 327 2046 362 ascensus?
2061 330 2144 373 Quo
2162 325 2280 362 tendit
2297 338 2381 373 quae
2420 361 2426 366 ,

338 379 446 414 saciat
472 380 615 421 onmia,
642 386 675 413 ct
707 387 853 427 reputet
879 380 982 427 qnasi
1005 380 1104 416 nulla
1125 381 1214 429 :qui
1240 381 1326 417 uni-

339 451 445 473 versa
472 437 570 473 bona
598 450 681 485 qua*
710 437 869 485 colligit,
897 451 963 487 per
993 439 1238 476 humilitatem
1265 440 1327 477 illa

337 496 508 532 conterit.
531 497 664 532 Paulus
687 495 732 531 ad
756 497 969 533 Corinthios
989 511 1147 547 operum
1173 512 1326 536 suorum

339 562 505 589 aromata
523 555 639 589 multa
657 563 851 591 enumerat
871 570 878 591 :
899 559 942 591 Ite
958 556 1148 591 itineribus
1160 585 1169 602 ‚
1185 557 1326 607 inquit,

339 626 465 659 sapiu
483 615 660 660 lae-riculis
675 614 881 658 staminum
894 643 904 658 ‚
920 619 1097 663 periculis
1124 618 1302 652 latronum
1314 646 1324 662 ,

331 673 514 717 periculis
537 685 584 706 ex
601 685 735 719 genere
748 701 758 716 ‚
778 676 953 719 periculis·
973 688 1021 708 iu:
1045 673 1233 717 Civilibus,
1253 688 1326 722 pe-

338 731 465 764 riculis
487 735 524 765 in
540 735 652 773 mari,
672 734 850 778 periculis
866 736 903 767 1'11
923 737 1084 776 civitate,
1099 736 1274 780 periculis
1288 738 1325 769 in

334 790 554 832 solitudine,
571 794 743 837 periculis
757 796 795 826 in
807 790 1126 838 salsissinilibus.
1145 793 1242 840 Quid
1261 792 1326 829 de-

337 846 465 896 inceps
479 850 493 883 ,²
514 850 742 893 Quotidiano
759 849 839 898 ejus
855 853 1057 886 sollicitudo
1073 856 1235 887 omnium
1254 853 1326 887 Ec-

337 909 543 944 cli’siariim.
573 910 687 954 Quis,
711 909 852 958 inquit,
875 910 1085 956 infirmatur
1105 921 1138 946 et
1167 925 1230 959 ego
1253 925 1326 947 mm

335 967 531 1012 infirmor?
551 971 634 1014 quis
653 970 931 1004 scamlalizalur
947 979 982 1004 et
999 983 1065 1017 ego
1082 983 1154 1004 ηοη
1185 983 1269 1004 uror
1284 976 1295 991 ²
1311 972 1326 1005 Ξ)

1393 384 1476 420 talis
1495 383 1687 420 ascendit?
1702 388 1873 432 Quantus
1892 384 2108 420 deliciarum
2127 392 2181 420 est
2199 384 2304 420 locus
2316 411 2327 429 ‚
2342 383 2381 420 in

1392 456 1503 492 quem
1522 443 1756 479 ascensiones
1775 443 1862 479 istas
1879 442 2070 492 disponit?
2090 443 2265 480 Lectulus
2286 443 2382 480 forte

1393 502 1516 539 dilecti
1530 511 1596 538 est.
1614 506 1705 539 Nam
1724 502 1769 538 ad
1789 503 1892 538 illum
1911 502 2099 552 praecipue
2114 515 2252 552 sponsa
2270 501 2382 540 debet

1393 562 1570 611 aspirare.
1590 565 1643 598 Ita
1663 562 1772 611 plane
1792 569 1858 597 est.
1880 561 1970 598 Ideo
1990 561 2158 609 sequitur
2175 563 2257 597 :En
2272 564 2382 597 lectu·

1393 624 1465 656 Iam
1486 622 1693 657 Salomonis
1707 625 1906 668 sexaginta
1926 619 2092 655 ambiunt
2107 633 2156 655 ex
2165 618 2382 667 fortissimis

1393 682 1523 716 Israel.
1546 683 1590 716 Et
1606 680 1764 728 pulcher
1783 679 1897 725 ordo,
1918 687 1959 716 ut
1974 679 2020 715 de
2040 679 2179 715 lectulo
2200 678 2247 715 ad
2263 679 2380 715 lectu—

1393 740 1469 775 lum
1490 739 1615 776 veniat
1641 753 1647 775 z
1666 739 1712 776 de
1733 740 1872 776 lectulo
1887 752 1977 784 suo,
1994 730 2235 775 de'cubiculo
2254 737 2382 774 matris

1393 811 1487 842 suae‚
1521 797 1567 834 ad
1593 798 1650 834 sui
1684 798 1861 834 lectulum
1892 797 2115 835 Salomonis.
2152 800 2227 834 Nec
2257 797 2381 834 minus

1392 870 1557 905 congrua
1571 857 1729 893 varietas
1745 857 1846 905 quod
1861 856 2002 892 deliciis
2019 856 2097 893 istis
2110 855 2292 892 immiscet
2309 855 2382 892 for-

1394 916 1461 961 tia,
1483 924 1518 952 et
1539 916 1712 952 lectulum
1730 928 1838 952 suum
1861 916 2036 952 Salomon
2059 923 2132 951 tam
2152 915 2295 951 munita
2315 927 2382 951 cu-

1393 974 1515 1011 stodia
1533 975 1652 1011 vallat.
1674 974 1745 1011 Sed
1765 974 1869 1011 verbi
1890 973 2106 1023 proruentis
2121 972 2198 1022 Jam
2218 972 2380 1009 reduca-

334 1031 390 1063 An
412 1039 486 1062 non
503 1027 603 1062 velut
623 1026 820 1075 quemdam
843 1027 1030 1064 bonorum
1053 1042 1210 1077 operum
1235 1029 1323 1077 pul·
1344 1032 1370 1065 B
1390 1046 1472 1069 mus
1496 1032 1678 1078 habenas,
1696 1047 1796 1069 novo
1819 1033 1985 1082 capitulo
2005 1045 2147 1068 novum
2173 1031 2381 1068 dedicaturi

333 1098 459 1121 verem
484 1085 548 1121 tibi
572 1087 763 1135 collegisse
789 1086 937 1123 videtur
963 1088 1166 1136 Apostolus
1193 1088 1270 1123 luec
1288 1096 1324 1123 et

333 1144 548 1192 hujusmodi
570 1146 676 1194 plura
699 1148 950 1194 percurrens?
975 1147 1038 1182 Vis
1058 1146 1178 1182 adlinc
1201 1145 1320 1182 subli-

333 1203 470 1238 miores
502 1204 643 1253 aliquas
675 1205 854 1242 virtutum
888 1204 968 1252 ejus
999 1206 1141 1254 species
1169 1205 1324 1241 audire?

334 1263 424 1297 Veni
446 1276 530 1298 cum
557 1263 620 1299 illo
642 1264 686 1299 ad
714 1265 876 1301 visiones
901 1273 937 1300 et
965 1265 1212 1301 revelationes
1233 1265 1321 1307 Dei,

332 1321 376 1356 ad
400 1330 546 1370 raptum
566 1322 602 1358 in
623 1323 854 1372 paradisum,
873 1324 909 1359 in
930 1324 1079 1359 tertium
1102 1324 1236 1359 coelum
1250 1351 1259 1367 ‚
1277 1323 1323 1358 ad

334 1380 478 1416 beatam
511 1381 609 1417 illam
641 1382 890 1429 ignorantiam
919 1383 1116 1419 nescientis
1139 1391 1266 1418 utrum
1287 1382 1322 1418 in

335 1453 494 1487 coi-pore
516 1453 562 1475 an
584 1449 689 1476 extra
713 1454 850 1490 corpus
870 1442 1020 1477 ecstasis
1042 1442 1102 1477 illa
1127 1442 1218 1477 faeta
1240 1441 1322 1478 sue-

336 1498 396 1541 rit,
410 1511 485 1533 non
499 1497 575 1546 jam
592 1499 726 1547 pulvis,
744 1499 807 1535 sed
827 1500 960 1536 sumus.
976 1500 1047 1536 Sed
1064 1513 1110 1536 ne
1128 1509 1250 1536 tamen
1270 1501 1324 1536 fn-

334 1570 394 1592 mo
412 1557 498 1593 lniic
518 1558 720 1606 spiritualis
737 1560 1065 1608 contemplationis
1082 1573 1120 1596 se
1137 1559 1325 1608 jactantiae

333 1617 456 1652 sumus
481 1617 703 1662 immisceat,
736 1618 820 1654 audi
847 1619 936 1666 quid
962 1618 1142 1667 sequitur.
1168 1620 1225 1653 Ne
1245 1632 1327 1654 ma-

328 1678 486 1721 gnitudo
505 1680 763 1712 revelationum
776 1681 932 1713 attollat
949 1691 1025 1723 niis,
1043 1679 1153 1713 (latiis
1170 1686 1223 1713 est
1237 1678 1325 1712 milti

331 1737 497 1769 stimulus
519 1740 639 1770 carnis
660 1750 754 1770 '111¹oe
767 1735 791 1772 3.
812 1737 947 1772 Paulus
964 1736 1176 1773 stimulatur
1197 1749 1242 1772 ne
1257 1749 1324 1772 ex-

333 1793 509 1829 tollatur:
533 1802 569 1829 et
597 1795 789 1842 quomodo
821 1795 885 1843 qui
914 1795 992 1831 liaec
1021 1794 1150 1839 andis,
1186 1795 1323 1845 refugis
1344 1796 1370 1830 C

331 1852 537 1888 stimulari?
565 1853 813 1902 quomodote
836 1855 959 1902 ipsum
987 1854 1084 1889 inter
1113 1853 1320 1890 ubertatem

331 1911 518 1947 donorum
541 1920 604 1948 aut
625 1921 818 1949 conterere
835 1913 994 1959 desinis,
1009 1921 1071 1949 aut
1085 1913 1227 1949 conteri
1244 1927 1320 1949 non

331 1971 447 2006 sinis?
474 1971 654 2007 Molestus
688 1972 879 2017 stimulus,
913 1972 978 2008 sed
1015 1981 1138 2008 tamen
1172 1973 1321 2009 vexatio

331 2038 481 2077 praestat
501 2030 748 2067 humilitatem
773 2031 972 2080 profectui.
996 2032 1176 2067 Molestus
1195 2032 1324 2067 stimu-

331 2088 387 2123 lus
407 2088 529 2124 carnis
542 2117 551 2133 ‚
570 2089 634 2124 sed
657 2102 730 2125 non
751 2090 952 2126 charitatis.
972 2094 1018 2126 Et
1037 2090 1160 2138 passio
1175 2102 1319 2134 amara,

329 2155 365 2181 ct
386 2146 567 2183 discussio
589 2160 718 2183 severa
744 2163 751 2184 ε
775 2157 934 2197 utraque
953 2149 1112 2184 virtutes
1132 2147 1315 2184 humiliat.

382 2206 418 2239 9.
438 2204 508 2241 Sed
523 2206 650 2240 onmia
664 2206 810 2242 dulcius
823 2216 858 2242 ct
872 2207 1057 2243 efficacius
1070 2206 1259 2255 prodeunt
1272 2206 1318 2242 de

328 2262 475 2298 camino
497 2263 661 2311 quodam
690 2265 858 2300 succensi
879 2265 1031 2301 amoris.
1053 2264 1219 2301 Flamma
1239 2263 1318 2300 haec

329 2334 405 2357 non
423 2321 536 2357 modo
550 2322 706 2357 virtutes
720 2322 904 2367 humiliat,
921 2323 983 2359 sed
1000 2323 1108 2359 etiam
1127 2322 1317 2367 immutat,

328 2388 364 2415 ct
389 2380 422 2415 in
444 2393 580 2415 novam
606 2381 791 2416 convertit
808 2379 968 2430 speciem
983 2410 992 2426 ,
1010 2389 1046 2417 et
1069 2381 1114 2416 de
1136 2380 1317 2430 spiritua-

331 2437 426 2473 libus
450 2439 720 2488 spiritualiores
746 2439 844 2475 facit.
873 2439 1119 2476 Continentiae
1140 2438 1314 2487 myrrha,

328 2497 510 2532 orationis
533 2498 635 2543 thus,
657 2506 692 2533 et
711 2498 745 2533 in
768 2499 924 2547 pulvere
945 2497 1209 2547 pigmentario,
1234 2510 1319 2532 om-

1389 1104 1599 1128 sermonem
1613 1120 1622 1136 ‚
1637 1100 1836 1141 praestante
1852 1092 2016 1128 Domino
2030 1098 2160 1127 nostro
2175 1094 2264 1127 Jesu
2279 1089 2382 1127 Chri-

1389 1159 1465 1196 sto,
1491 1151 1554 1200 ‹1ui
1583 1152 1676 1187 vivit
1700 1161 1735 1188 et
1761 1160 1890 1201 regnat
1914 1152 1952 1187 in
1982 1151 2118 1188 saecula
2142 1151 2378 1188 saeculorum.

1388 1212 1521 1245 Amen.

2029 1325 2039 1333 x
2045 1323 2383 1334 vxvvs====s==u=v====n==

1657 1435 1908 1490 SERMO
1956 1437 2112 1491 XVI.

1391 1566 1550 1598 Lectiilecm
1580 1567 1758 1598 Salomonis
1784 1569 1949 1611 sexaginta
1979 1567 2120 1599 ambiunt
2144 1579 2182 1599 ex
2200 1568 2383 1610 fortissimis

1622 1620 1733 1651 Israel.
1754 1620 1872 1652 Cantic.
1891 1631 1958 1662 cap.
1975 1631 2032 1658 nx,
2054 1619 2094 1657 j.
2116 1624 2147 1653 7.

1780 1738 1964 1752 >aomo-r.-
1974 1744 1993 1746 a

1452 1851 1482 1885 1.
1511 1852 1542 1886 Ο
1567 1863 1678 1898 qnam
1711 1849 1867 1886 delicata
1893 1862 2031 1900 sponsa
2055 1849 2242 1895 ascendit,
2264 1862 2378 1898 quam

1386 1921 1483 1957 pene
1510 1909 1589 1945 sine
1610 1909 1708 1945 mole
1726 1909 1917 1958 corporis,
1938 1917 1974 1945 et
1993 1922 2105 1958 quam
2129 1908 2278 1958 penitus
2298 1909 2378 1945 sine

1387 1968 1631 2017 corruptione
1657 1969 1798 2004 carnis!
1818 1972 1998 2015 Quaenam
2025 1969 2094 2005 erit
2123 1969 2378 2018 corpulentia,

1388 2025 1451 2062 ubi
1483 2027 1585 2063 sumo
1614 2028 1832 2063 confertur?
1853 2040 1938 2076 quae
1964 2027 2200 2077 corruptela,
2220 2039 2304 2063 cum
2334 2027 2379 2063 il-

1387 2084 1488 2120 lum-‘¹
1510 2098 1586 2120 non
1606 2098 1693 2121 caro
1715 2085 1837 2131 fluxa,
1859 2086 1922 2122 sed
1941 2095 2106 2122 aromata
2127 2093 2290 2122 cremata
2309 2097 2376 2121 ex-

1387 2143 1540 2179 halent?
1561 2145 1727 2180 Delicate
1747 2144 1936 2189 ascendit,
1961 2153 1998 2181 et
2017 2144 2128 2193 digna
2149 2144 2287 2180 lectulo
2309 2146 2378 2181 Sa-

1386 2202 1560 2238 lomonis.
1592 2203 1726 2239 Esther
1751 2212 1788 2239 et
1815 2205 1950 2248 lotam,
1976 2212 2013 2239 et
2038 2212 2187 2239 unctam
2209 2203 2315 2251 legO,
2340 2211 2380 2239 ut

1384 2260 1504 2308 regios
1532 2261 1713 2309 unguenti
1734 2262 1916 2298 suavitate
1936 2263 2117 2298 mulceret
2141 2261 2336 2310 amplexus
2348 2260 2375 2293 ³·

1384 2321 1472 2355 Haec
1499 2331 1590 2354 vero
1617 2318 1694 2367 jam
1722 2321 1922 2368 unguentis
1947 2333 2023 2356 non
2048 2320 2164 2356 utitur
2183 2320 2220 2356 in
2250 2319 2379 2369 sponsi

1384 2377 1560 2425 gratiam,
1590 2377 1653 2413 sed
1684 2378 1883 2426 liquefacta
1910 2379 2043 2415 effecta
2071 2387 2126 2415 est
2151 2378 2269 2415 odore
2295 2378 2379 2427 ipso

1383 2436 1578 2484 unguenti.
1600 2436 1669 2473 Sed
1689 2450 1764 2472 non
1783 2450 1913 2473 omncs
1933 2436 2091 2473 verbnm
2115 2437 2187 2473 hoc
2203 2437 2379 2486 capiunt,

1384 2507 1460 2530 non
1477 2507 1608 2531 omnes
1622 2495 1680 2530 his
1695 2504 1855 2544 possunt
1872 2496 2011 2532 deliciis
2025 2496 2180 2545 perfrui.
2198 2495 2234 2532 Si
2247 2508 2379 2532 omnes

328 2555 431 2591 nium
448 2556 597 2592 humilis
610 2557 837 2593 conscientia
849 2558 1028 2594 virtutum
1041 2586 1050 2602 ,
1063 2557 1188 2592 omnia
1206 2556 1319 2605 magis
1336 2563 1368 2597 D
1384 2554 1620 2599 fruerentur,
1642 2567 1773 2591 omnes
1800 2555 2065 2591 fraudarentur
2085 2570 2092 2591 :
2113 2564 2150 2591 et
2169 2555 2206 2591 in
2227 2555 2300 2591 hoc
2320 2562 2377 2591 est

327 2626 499 2650 serenum
522 2616 737 2664 producunt
756 2618 900 2652 vultum
920 2625 956 2652 et
973 2625 1112 2665 gratam
1136 2616 1294 2665 speciem
1308 2645 1317 2661 ,

326 2687 408 2709 cum
432 2673 478 2709 de
500 2674 566 2710 hac
589 2675 780 2724 prodeunt
799 2677 961 2712 officina.
984 2680 1087 2712 Bona
1106 2675 1204 2711 enim
1227 2689 1318 2711 con-

328 2732 447 2776 tritio,
477 2732 540 2767 sed
574 2734 826 2770 concrematio
860 2734 1003 2770 melior.
1034 2734 1164 2770 Suavis
1194 2734 1318 2782 pulvis

325 2790 613 2838 pigmentarius,
640 2792 703 2827 scd
728 2793 852 2829 sumus
871 2793 1031 2828 excellit.
1059 2792 1190 2828 Nescio
1216 2791 1314 2827 enim

325 2848 415 2896 quid
446 2849 560 2897 magis
591 2863 702 2885 suave
723 2859 760 2886 et
791 2852 982 2900 spirituale
1009 2851 1123 2899 magis
1147 2850 1181 2885 in
1213 2850 1316 2885 sumo

324 2920 433 2955 quam
451 2908 485 2942 in
502 2908 657 2956 pnlvcrc
673 2910 911 2958 significatur.
926 2910 1015 2946 Ideo
1030 2909 1193 2958 quodam
1211 2908 1316 2957 igniti

325 2964 429 3000 verbi
451 2965 633 3001 bem-licio
655 2967 752 3003 inter
770 2969 896 3017 sponsi
921 2969 1079 3017 flagrans
1100 2968 1315 3017 amplexus,

324 3023 370 3059 ‹lc
398 3025 550 3073 pulvere
575 3025 822 3072 pigmentario
849 3027 883 3061 in
911 3027 998 3061 fumi
1025 3026 1243 3061 tenuitatem
1273 3025 1316 3060 li-

327 3084 469 3131 quescit
491 3097 496 3117 :
517 3083 562 3118 de
586 3083 861 3120 lnnniliatarum
893 3086 1044 3134 pulvi-re
1074 3085 1254 3121 virtutum
1279 3085 1314 3119 in

368 3213 375 3227 ¹
397 3209 469 3237 luc.
488 3211 642 3243 xv11‚1o.
693 3226 699 3229 ·
721 3213 732 3227 ²
754 3210 847 3238 lCor.
869 3221 919 3243 xi.
946 3213 1007 3244 213,
1027 3212 1087 3244 Ἡ,
1110 3212 1161 3238 Ίὶ).
1182 3227 1212 3229 -ν-

365 3273 377 3286 ·'
397 3270 412 3296 Ἰ
426 3277 501 3305 itaq.
524 3272 550 3295 «t
574 3269 674 3296 lton-st.
695 3265 792 3295 illam.
813 3269 836 3285 ·”

1384 2620 1420 2647 et
1444 2612 1600 2661 pulchra
1622 2613 1799 2657 varietas,
1824 2622 1860 2649 et
1881 2615 1940 2663 pia
1969 2614 2150 2659 charitas,
2174 2613 2262 2663 quia
2284 2614 2378 2650 alius

1383 2678 1437 2706 est
1457 2671 1521 2718 qui
1545 2671 1692 2716 fruitur,
1708 2672 1801 2707 alius
1817 2673 1881 2720 qui
1903 2681 2041 2709 tuetur.
2062 2675 2105 2709 In
2127 2673 2197 2708 hoc
2217 2672 2376 2709 aliorum

1382 2738 1419 2766 et
1442 2738 1537 2775 tuta,
1559 2739 1595 2765 et
1621 2731 1702 2767 laeta
1732 2740 1820 2767 sunt
1848 2733 1946 2777 otia,
1978 2732 2081 2781 quod
2105 2732 2265 2768 aliorum
2290 2740 2378 2769 sunt

1384 2790 1524 2825 munita
1541 2789 1720 2826 custodia.
1740 2790 1830 2827 Ideo
1852 2794 2023 2827 lectulum
2043 2792 2254 2826 Salomonis
2268 2805 2378 2827 sexa-

1380 2852 1483 2896 ginta
1512 2847 1676 2884 ambiunt
1706 2863 1754 2884 (nc
1777 2849 1994 2896 fin‘eissimis
2023 2853 2154 2886 Israel.
2186 2854 2269 2887 Non
2295 2851 2378 2887 vult

1381 2907 1556 2943 Salomon
1579 2915 1704 2943 noster
1722 2908 1847 2944 lectuli
1865 2909 1920 2945 sui
1941 2908 2083 2945 turbari
2100 2909 2270 2953 delicias,
2290 2908 2376 2946 dul-

1382 2979 1442 3002 ces
1475 2966 1658 3002 attenuari
1692 2967 1866 3012 affectus,
1897 2981 1942 3004 ne
1972 2969 2146 3004 attentari
2181 2967 2333 3017 quidem
2367 2983 2374 3005 :

1382 3034 1511 3074 pacata
1531 3025 1650 3074 diligit
1674 3026 1737 3074 qui
1761 3027 1938 3074 pacificus
1959 3026 2108 3063 dicitur.
2135 3027 2226 3074 Quis
2247 3035 2376 3064 noster

1382 3085 1557 3121 Salomon
1572 3113 1581 3129 ‚
1601 3085 1669 3121 nisi
1691 3089 1797 3121 Jesus
1819 3085 2011 3123 Christus?
2032 3089 2115 3134 Ipse
2133 3094 2188 3122 est
2212 3098 2282 3135 pax
2307 3099 2375 3122 no—

1248 3207 1300 3237 ¹11
1322 3209 1392 3238 (lor.
1410 3219 1454 3237 xn
1470 3232 1476 3243 ,
1501 3210 1562 3238 1-7.
1579 3227 1617 3230 ---
1640 3208 1825 3238 ·'¹l·{.s!l1cr11.
