2504 3928
466 217 938 324 seALA
1049 208 2285 350 eLAoSTRALIUM‚

727 717 1211 785 TRACTATUS
1262 719 1363 783 DE
1415 715 1652 782 MODO
1701 712 2032 782 ORANDI.

410 1145 479 1181 Hic
501 1144 709 1183 Tractatus
727 1146 825 1183 inter
844 1159 962 1195 opera
981 1144 1020 1183 S.
1041 1146 1245 1197 Augustini
1268 1144 1400 1193 (modo
1418 1146 1457 1182 in
1479 1154 1584 1183 tomo
1601 1144 1675 1191 VI)
1697 1144 1890 1193 reperitur
1909 1141 1982 1179 sub
1999 1142 2072 1179 hoc
2095 1140 2210 1178 titulo
2225 1171 2233 1187 ,
2259 1158 2274 1174 u
2291 1140 2400 1178 Scala

361 1227 377 1241 n
398 1209 590 1255 Paradisi‚
612 1228 628 1241 u
648 1224 738 1247 cum
761 1209 831 1247 hac
853 1209 1067 1247 Doctorum
1085 1210 1385 1247 Lovaniensium
1403 1208 1576 1247 Censura
1598 1225 1606 1246 ε
1630 1226 1643 1240 «
1663 1208 1743 1245 Hoc
1760 1207 2003 1258 Opusculum
2024 1206 2151 1244 fertur
2165 1206 2282 1244 etiam
2303 1207 2402 1244 inter

361 1293 375 1307 n
397 1288 512 1324 opera
534 1274 582 1312 D.
600 1274 804 1321 Bernardi,
821 1288 1049 1324 quanquam
1067 1289 1135 1312 nec
1152 1273 1257 1311 illius
1273 1274 1451 1312 videatur
1465 1288 1558 1311 esse.
1582 1292 1595 1305 n
1617 1273 1662 1309 In
1679 1272 1805 1310 codiee
1825 1286 1917 1310 vero
1936 1272 2200 1321 manuscripto
2219 1270 2402 1309 Cartusiae

359 1338 597 1376 Coloniensis
619 1338 789 1389 Guigoui
812 1343 876 1385 (an
897 1339 1080 1376 Cartusiae
1101 1339 1258 1387 majoris
1280 1338 1405 1375 Priori
1424 1338 1610 1388 quinto?)
1636 1337 1834 1374 tribuitur.
1858 1336 1991 1373 Exstat
2011 1335 2118 1372 aliud
2142 1335 2318 1384 eJ'usdem
2339 1348 2403 1372 ar-

359 1404 535 1453 gumenti
562 1402 801 1452 opusculum
835 1402 941 1452 apud
966 1402 1204 1440 Chiffletium
1237 1403 1275 1440 in
1304 1401 1482 1439 Manuali
1509 1399 1805 1445 Solitariorum,
1832 1418 1845 1431 «
1870 1399 1918 1437 (le
1945 1398 2192 1449 quadruplici
2222 1399 2403 1436 exercitio

361 1484 377 1497 »ν
397 1465 518 1512 cella»,
540 1484 556 1498 ι»
575 1465 649 1503 sub
668 1467 825 1503 nomine
844 1465 1002 1503 alterius
1020 1466 1208 1517 Guigonis
1227 1465 1275 1503 ad
1295 1465 1470 1502 Priorem
1490 1473 1528 1502 et
1546 1463 1808 1501 Cartusienses
1826 1463 2152 1500 Wittehamenses
2171 1479 2179 1498 :
2205 1462 2275 1499 ubi
2300 1476 2405 1513 qua-

359 1540 448 1567 tuor
467 1530 569 1568 cellae
590 1531 770 1568 exercitia
785 1530 1041 1580 explicantur,
1061 1532 1138 1568 tria
1153 1529 1314 1580 quidem
1334 1531 1459 1580 prima
1480 1528 1616 1567 eadem
1636 1542 1723 1579 quae
1742 1527 1825 1573 hie,
1847 1541 2001 1577 mempe
2024 1527 2136 1564 lectio
2150 1557 2159 1573 ,
2180 1526 2380 1564 meditatio
2395 1557 2404 1573 ‚

358 1595 503 1640 oratio;
524 1594 590 1632 sed
610 1603 797 1645 quartum
818 1595 916 1632 actio
932 1608 1003 1645 pro
1023 1593 1368 1645 contemplatione,
1390 1608 1474 1644 qua³
1495 1593 1700 1643 praesertur
1719 1593 1756 1629 in
1775 1592 1847 1630 hoc
1869 1600 2055 1639 tractatu,
2080 1592 2190 1641 cujus
2209 1591 2405 1642 inscriptio

358 1660 408 1696 sic
428 1673 466 1697 sc
489 1658 608 1697 hahet
627 1661 667 1697 in
694 1659 820 1697 codice
840 1658 1058 1697 Coloniensi
1080 1675 1088 1695 z

681 1863 1035 1919 EPISTOLA
1355 1854 1400 1952 ζ’

460 2010 614 2043 DOMNI
645 2008 880 2044 GL'IGONIS
909 2007 1251 2043 CARTL'SIENSIS

616 2134 661 2154 Λι)
694 2133 864 2154 FRATREM
895 2131 1101 2154 GERVAsmm

655 2239 699 2266 De
720 2235 784 2265 vita
803 2234 1052 2275 contemplativa.

367 2345 534 2378 Dicte-ro
569 2341 673 2377 fratri
707 2353 774 2376 suo
808 2343 1020 2384 Gnnmfflo,
1057 2339 1170 2375 frater
1204 2341 1350 2384 (31:100,

641 2399 816 2435 delectari
838 2399 873 2434 iu
902 2399 1076 2435 Domino.

417 2514 552 2545 Amare
579 2516 613 2544 te
640 2520 685 2543 ex
716 2505 843 2543 debito
867 2514 1018 2550 teneor,
1049 2505 1133 2554 quia
1163 2505 1265 2553 prior
1294 2516 1351 2539 me

365 2582 488 2604 amare
513 2566 695 2616 incoepisti
719 2581 725 2601 :
750 2574 786 2601 et
808 2564 1013 2601 rescribere
1035 2565 1100 2599 tibi
1121 2564 1350 2613 compellor,

1792 1859 1966 1896 CAPL'T
1996 1859 2027 1896 I.

1417 1982 1589 2024 Descriptio
1605 1987 1739 2022 quatuor
1755 1980 1904 2021 graduum
1921 1979 2173 2010 exercitationum
2187 1979 2402 2021 spiritualium.

1476 2096 1506 2130 l.
1540 2096 1632 2130 Cum
1658 2092 1717 2129 die
1744 2092 1904 2141 quadam
1929 2090 2114 2140 corporali
2147 2103 2324 2127 manuum
2352 2091 2405 2126 la-

1420 2153 1510 2190 bore
1527 2161 1730 2202 occupatus
1742 2180 1751 2197 ,
1772 2151 1816 2187 de
1833 2151 2035 2200 spiritualis
2049 2149 2211 2186 hominis
2227 2149 2405 2186 exercitio

1419 2214 1582 2261 cogitare
1611 2211 1829 2261 coepissem3
1850 2219 2013 2259 quatuor
2038 2209 2249 2258 spirituales
2268 2209 2406 2258 gradus

1418 2274 1544 2309 animo
1574 2272 1751 2320 cogitanti
1772 2283 1809 2306 se
1830 2269 1955 2306 subito
1973 2268 2191 2305 obtulerunt
2211 2283 2218 2303 ;
2241 2268 2379 2303 scilicet
2394 2297 2403 2309 ‚

1419 2332 1528 2366 lectio
1543 2359 1551 2373 ,
1571 2329 1782 2373 meditatio,
1800 2327 1940 2370 oratio,
1957 2335 1993 2362 et
2013 2326 2293 2374 contemplatio.
2317 2329 2405 2362 Haec

1418 2397 1472 2425 est
1499 2389 1601 2426 Scala
1622 2388 1881 2425 Claustralium
1896 2415 1905 2430 ‚
1927 2398 2000 2434 qua
2024 2385 2069 2420 de
2092 2393 2188 2420 terra
2209 2385 2246 2420 in
2271 2385 2404 2421 coelum

1418 2448 1683 2492 sublevantum
1701 2445 1878 2495 gradibus
1895 2445 2047 2493 quidem
2066 2444 2240 2479 distincta
2258 2444 2405 2493 paucis,

1418 2508 1607 2543 immensa·
1639 2514 1759 2541 tamen
1792 2513 1829 2541 et
1860 2503 2090 2540 incredibilis
2123 2502 2401 2551 magnitudinis.

1418 2564 1532 2613 Cujus
1559 2573 1723 2601 extrema
1752 2577 1837 2612 pars
1859 2571 1966 2598 terrae
1993 2563 2118 2598 innixa
2138 2570 2214 2607 est;
2234 2562 2407 2610 superior

364 2629 450 2677 quia
472 2627 603 2663 litteris
621 2626 691 2661 tuis
703 2625 747 2661 ad
760 2623 998 2661 scribendum
1019 2637 1076 2659 mc
1094 2624 1196 2672 prius
1217 2623 1350 2658 invita·
1374 2627 1398 2660 B
1421 2638 1509 2659 vero
1531 2623 1648 2659 nubes
1669 2631 1857 2672 penetrat,
1879 2630 1914 2657 et
1932 2629 2071 2657 secreta
2091 2621 2272 2657 coelorum
2294 2621 2407 2656 rima-

365 2689 420 2724 sti.
446 2686 623 2734 Quaedam
657 2698 745 2733 ergo
775 2697 857 2733 qum
886 2683 931 2718 de
960 2683 1142 2732 spirituali
1175 2682 1351 2718 exercitio

365 2747 615 2784 claustralium
638 2744 963 2791 excogitaveram,
987 2741 1236 2777 transmittere
1265 2753 1353 2789 pro—

367 2807 474 2858 posui
506 2821 512 2842 :
544 2814 583 2841 ut
611 2805 673 2853 qui
706 2804 788 2839 talia
815 2801 1045 2851 experiendo
1067 2801 1219 2845 melius,
1241 2812 1351 2848 quam

365 2880 434 2914 ego
456 2864 669 2907 tractando,
689 2862 847 2898 didicisti
866 2890 874 2906 ,
899 2874 1063 2897 mearum
1079 2859 1195 2908 judex
1217 2859 1265 2895 sis
1291 2872 1352 2894 co-

366 2925 589 2972 gitationum
619 2930 654 2957 et
683 2930 884 2956 corrector.
912 2924 955 2956 lit
978 2919 1110 2955 merito
1137 2919 1212 2954 lla‘c
1237 2918 1353 2953 nostri

368 2983 504 3019 laboris
536 2981 639 3017 initia
672 2979 736 3015 tibi
767 2980 940 3028 primitus
968 2979 1105 3021 offero,
1135 2986 1174 3013 ut
1199 2978 1355 3013 novella·

367 3041 610 3092 plantationis
638 3040 848 3089 primitivos
881 3040 1020 3075 fructus
1052 3038 1203 3085 colligas

368 3103 466 3138 niam
497 3100 542 3136 de
572 3102 750 3135 servitute
781 3099 1000 3143 Pharaonis,
1027 3106 1059 3133 te
1082 3097 1239 3132 delicata
1264 3096 1354 3132 soli-

368 3159 496 3196 tudine
531 3158 705 3194 laudabili
736 3158 834 3193 surto
866 3157 1092 3205 surripiens,
1123 3156 1158 3191 in
1183 3155 1356 3191 ordinata

367 3228 572 3254 castrorum
605 3218 680 3253 aci«-
716 3217 923 3261 rolloeasti3
949 3229 1090 3251 ramum
1118 3215 1163 3251 de
1197 3216 1356 3251 oleastro

1230 3052 1236 3073 :
1260 3051 1357 3085 (1110-

370 3293 399 3312 .u
414 3277 565 3312 iifieioso
586 3276 750 3311 excisum
774 3275 979 3324 prudenter
1000 3275 1165 3309 inserens
1187 3274 1220 3308 in
1244 3275 1354 3309 oliva.

1421 2693 1490 2719 tur.
1513 2684 1558 2720 Hi
1585 2682 1722 2731 gradus
1745 2682 1838 2718 sicut
1857 2680 2073 2717 nominibus
2099 2688 2135 2715 et
2160 2692 2339 2725 numer0‚
2358 2680 2406 2716 ita

1421 2743 1552 2779 ordine
1575 2751 1611 2778 et
1638 2755 1791 2777 munere
1812 2749 1900 2776 sunt
1924 2740 2098 2776 distincti.
2122 2743 2290 2786 Quorum
2311 2752 2405 2787 pro-

1422 2803 1596 2852 prietates
1625 2810 1657 2837 et
1689 2801 1811 2836 oslieia
1841 2800 1991 2849 quidem
2021 2799 2166 2847 singula
2195 2797 2285 2847 quid
2312 2798 2407 2834 cirea

1423 2875 1490 2897 nos
1518 2861 1702 2904 el'lieiaut,
1725 2859 1918 2908 quomodo
1942 2859 2039 2894 inter
2059 2870 2097 2893 se
2120 2858 2278 2894 invicem
2298 2857 2406 2893 disse-

1422 2929 1504 2956 rant
1534 2929 1569 2955 et
1600 2919 1886 2968 praemineant,
1912 2919 1941 2954 si
1966 2917 2049 2966 quis
2076 2917 2271 2966 diligenter
2291 2917 2407 2966 inspi-

1421 2979 1513 3022 ciat,
1533 2978 1715 3026 quidquid
1748 2977 1885 3013 laboris
1902 2984 1965 3012 aut
1986 2975 2096 3011 studii
2119 2974 2345 3023 impenderit
2372 2975 2406 3009 in

1421 3038 1492 3082 eis,
1516 3036 1629 3073 breve
1657 3036 1845 3085 reputabit
1876 3044 1912 3071 et
1941 3036 2066 3080 facile,
2089 3048 2165 3083 pra:
2187 3033 2355 3069 utilitatis
2372 3041 2409 3069 et

1422 3096 1630 3132 dulcedinis
1658 3095 1925 3143 magnitudine.
1955 3097 2018 3130 Est
2040 3101 2163 3128 autem
2199 3092 2327 3137 lectio,
2355 3105 2408 3127 se-

1422 3156 1508 3192 dula
1543 3156 1818 3204 Scripturaruni
1850 3166 1933 3189 cuin
1967 3152 2078 3188 animi
2110 3151 2318 3187 intentione
2352 3152 2408 3187 in-

1422 3215 1572 3265 spectio.
1605 3214 1818 3258 ›lt—ditatio,
1851 3221 1906 3249 est
1938 3212 2103 3247 studiosa
2130 3211 2264 3247 mentis
2289 3211 2408 3255 aetio,

1423 3275 1578 3309 ocrultm
1593 3273 1755 3309 veritatis
1772 3272 1937 3308 notitiam
1955 3271 2066 3307 ductu
2082 3270 2243 3319 propriae
2256 3269 2409 3306 rationis
