2418 3949
188 218 259 254 777

831 217 1114 255 TRACTATUS
1142 217 1206 253 DE
1236 218 1421 253 ORDINE
1450 220 1588 255 VITAE.

185 302 426 343 comparatur
449 293 617 331 artibus?
641 295 908 332 Adulescentes
934 295 999 345 qui
1025 295 1089 331 tali
1115 293 1213 331 re-⁵²‘

2158 223 2231 259 773

1221 293 1262 326 ¹»
1287 296 1391 344 quasi
1420 304 1614 344 peccatum
1644 296 1827 333 ariolandi
1859 306 1913 333 est
1941 310 2171 347 repugnare,
2200 309 2237 335 et

185 353 277 403 pleti
297 362 385 390 sunt
401 354 519 400 malo,
538 353 648 391 subdi
665 353 877 391 senioribus
894 355 1146 405 dedignantur
1164 368 1172 390 2
1192 359 1220 391 Α
1247 371 1261 385 υ
1289 353 1394 402 quasi
1426 353 1546 389 scelus
1575 353 1798 391 idololatriae
1834 355 1934 392 nolle
1973 357 2207 405 acquiescere
2225 372 2234 402 ;

185 412 281 449 facta
309 426 402 449 vero
431 425 564 450 eorum
592 421 657 449 aut
684 413 781 449 dicta
816 413 959 449 tumida
987 421 1025 449 et
1053 420 1177 449 erecta

184 472 329 508 cervice
362 485 438 508 non
482 470 709 516 observant,
741 472 806 508 sed
837 471 1061 520 dijudicant3
1099 483 1175 506 non

183 530 401 568 venerando
430 531 615 577 exaltant,
654 531 719 568 sed
758 531 974 580 spernendo
1014 529 1176 567 subsan-

185 598 289 626 nant.

243 651 301 688 16.
333 650 405 687 Sed
433 663 510 686 non
535 651 703 700 impune.
733 650 826 687 Inde
852 650 952 686 enim
982 649 1178 686 evidenter

183 709 390 755 deficiunt,
423 709 525 746 unde
567 709 692 745 miseri
726 709 911 758 proficere
948 708 1174 745 debuerunt.

183 772 266 806 Hoc
288 777 414 805 autem
440 768 521 804 vult
546 771 666 813 Deus,
699 776 740 804 ut
764 768 878 804 homo
897 781 964 818 per
985 768 1176 804 hominem

182 828 382 873 doceatur,
409 835 447 863 et
472 826 599 862 minor
625 826 760 875 majori
792 826 989 864 subdatur.
1020 827 1056 864 Si
1077 826 1176 863 enim

182 888 336 937 angelus
355 886 488 935 angelo
512 885 696 936 imperat3
728 894 765 922 et
794 886 891 922 inter
913 885 1112 935 jubentem
1141 893 1179 922 et

180 945 420 983 obedientem
443 957 588 981 summa
611 953 737 980 manet
762 957 910 994 semper
936 945 1140 982 concordia
1168 960 1175 981 :

182 1006 308 1043 videat
329 1005 391 1041 ille
418 1018 531 1054 quam
557 1004 721 1053 graviter
745 1012 893 1054 peccat,
919 1005 985 1053 qui
1012 1003 1176 1041 debitam

181 1064 360 1103 exhibere
380 1065 456 1101 suis
472 1063 681 1113 majoribus
701 1063 948 1100 reverentiam
965 1077 1040 1100 non
1057 1072 1175 1100 curat.
1197 1064 1224 1098 B

184 1127 239 1161 De
261 1123 480 1160 interitione
509 1135 671 1172 namque
698 1122 872 1166 illorum,
895 1123 960 1171 qui
979 1136 1058 1159 non
1081 1122 1176 1159 obe-

181 1183 326 1220 dientes
346 1191 455 1229 sunt,
473 1190 510 1219 et
525 1195 612 1219 suos
629 1182 795 1219 seniores
815 1195 977 1231 suosque
993 1190 1177 1232 patronos

183 1242 419 1292 despiciunt,
453 1242 571 1278 multa
601 1241 676 1278 dici
707 1242 944 1291 potuissent3
978 1241 1049 1278 nisi
1082 1255 1176 1291 pro—

182 1300 303 1338 missae
330 1299 524 1337 brevitatis
558 1313 725 1346 memor,
746 1301 810 1336 illa
829 1300 994 1336 studiose
1020 1308 1177 1349 praeter-

180 1360 286 1397 irem.
307 1359 366 1397 Ad
385 1359 477 1409 quid
496 1360 633 1409 plura?
656 1364 741 1398 Una
763 1360 863 1396 enim
882 1361 1065 1396 sententia
1082 1359 1176 1396 obe-

180 1419 373 1456 dientibus
404 1428 442 1455 et
476 1418 785 1456 inobedientibus
815 1420 987 1456 sufficere
1024 1427 1173 1468 potest,

180 1492 292 1529 quam
314 1492 382 1529 per
401 1491 439 1514 se
459 1479 604 1515 Veritas
624 1479 795 1527 loquitur
815 1478 943 1515 dicens
969 1493 976 1514 :
1012 1480 1085 1523 Qui
1113 1492 1177 1514 vos

180 1541 307 1583 audit,
333 1551 391 1574 me
416 1539 523 1573 audit
539 1551 550 1572 :
567 1547 601 1573 et
620 1543 684 1585 qui
713 1551 777 1573 vos
805 1542 969 1586 spernit,
995 1551 1054 1572 me
1074 1551 1177 1586 sper-

181 1601 239 1633 nit
261 1603 285 1632 ¹.
319 1596 412 1634 Inde
444 1596 498 1632 illi
532 1596 721 1645 gaudeant
750 1596 886 1645 gaudio
918 1610 1076 1646 magnO,
1111 1598 1177 1646 qui

179 1658 348 1695 seniores
363 1670 450 1694 suos
467 1657 704 1693 venerationi
720 1656 861 1693 habent
876 1665 914 1693 et
930 1657 1068 1693 honori
1090 1670 1176 1707 pro-

180 1725 266 1767 pter
294 1717 495 1754 Christum.
520 1716 629 1753 Multi
655 1728 818 1765 namque
841 1715 887 1751 de
913 1716 1052 1752 virtute
1083 1716 1176 1753 obe-

179 1777 329 1814 dientiae
357 1777 475 1813 multa
502 1777 735 1825 scripserunt
756 1777 882 1813 :inter
907 1789 1003 1825 quos
1028 1785 1177 1813 sanctus

1247 430 1261 445 »
1287 413 1366 448 sola
1390 412 1605 448 obedientia
1624 421 1679 448 est
1698 426 1782 462 quae
1805 414 1891 450 fidei
1912 415 2087 452 meritum
2112 417 2235 466 possi-

1247 491 1261 503 »
1287 472 1370 517 det,
1403 473 1482 509 sine
1507 486 1581 521 qua
1605 474 1764 522 quisque
1788 474 1949 511 infidelis
1978 476 2236 522 convincitur,

1246 549 1260 564 »
1285 532 1354 568 etsi
1375 531 1493 568 fidelis
1510 544 1589 568 esse
1611 532 1794 570 videatur.

1299 590 1356 626 17.
1380 607 1394 622 »
1416 591 1512 628 Hinc
1535 604 1604 640 per
1623 591 1861 628 Salomonem
1887 592 2023 629 dicitur
2049 594 2086 630 in
2113 603 2237 632 osten-

1246 666 1261 681 »
1285 649 1390 686 sione
1416 649 1640 686 obedientiae
1668 665 1675 686 ε

1247 726 1262 741 »
1287 713 1422 744 ctorias
1436 705 1461 745 3.
1482 710 1549 745 Vir
1569 709 1711 758 quippe
1727 709 1908 746 obediens
1929 712 2103 748 victorias
2119 712 2240 762 loqui-

1247 785 1262 800 »
1287 776 1369 813 tur3
1388 768 1476 817 quia
1503 767 1593 804 dum
1618 769 1748 805 alienae
1775 770 1859 805 voci
1882 770 2073 807 humiliter
2100 771 2236 808 subdi-

1248 844 1262 859 »
1287 840 1394 872 mur,
1419 827 1671 876 nosmetipsos
1696 828 1735 864 in
1753 828 1866 864 corde
1889 841 2123 878 superamus.
2140 831 2238 867 Hinc

1711 653 1775 686 Vir
1803 651 1973 687 obediens
1999 655 2160 701 loquitur
2178 658 2236 689 υἰ-

1213 878 1223 885 ’
1248 904 1262 919 υ
1286 886 1431 924 Veritas
1462 887 1500 923 in
1529 887 1735 936 Evangelio
1763 888 1858 923 dixit
1881 902 1889 923 :
1922 890 2018 923 Eum
2043 894 2110 936 qui
2134 895 2238 925 venit

1248 962 1263 978 »
1288 947 1343 980 ad
1356 959 1432 990 me,
1460 959 1532 981 non
1551 950 1699 992 ejiciam
1711 945 1843 994 soras;
1857 952 1949 995 quia
1966 961 2039 983 reon
2060 954 2148 984 veni
2163 948 2236 996 fa-

1248 1023 1262 1037 »1
1289 1019 1370 1041 cere
1384 1007 1611 1042 volantatem
1627 1019 1760 1049 meam,
1779 1009 1847 1042 sed
1856 1012 1935 1052 ejus
1946 1012 2011 1055 qui
2023 1012 2123 1044 misit
2135 1022 2191 1044 me
2205 1010 2233 1044 ⁴'.

1247 1082 1262 1097 »
1287 1064 1387 1112 Quid
1405 1065 1531 1101 enim?
1546 1064 1576 1101 si
1595 1077 1699 1101 suam
1723 1065 1878 1111 faceret,
1894 1078 1958 1102 eos
1975 1067 2038 1115 qui
2052 1067 2098 1103 ad
2116 1080 2154 1104 se
2173 1081 2238 1104 ve·

1247 1141 1261 1156 »
1289 1124 1400 1160 niunt
1414 1124 1638 1173 repulisset?
1651 1123 1744 1171 Quis
1759 1132 1884 1160 autem
1902 1126 2043 1161 nesciat
2058 1126 2239 1174 quoniam

1247 1201 1261 1215 »
1288 1183 1462 1220 voluntas
1483 1183 1568 1221 Filii
1589 1196 1610 1220 a
1630 1183 1751 1220 Patris
1774 1184 1971 1220 voluntate
1996 1197 2073 1220 non
2099 1185 2240 1221 discre-

1247 1261 1261 1275 »
1285 1245 1372 1293 pet?
1393 1243 1465 1281 Sed
1484 1243 1663 1293 quoniam
1692 1243 1837 1293 primus
1857 1243 1993 1289 homo,
2022 1245 2110 1293 quia
2134 1258 2240 1282 suam

1247 1321 1261 1336 »
1285 1304 1520 1340 voluntatem
1553 1304 1674 1339 facere
1706 1303 1848 1349 voluit,
1870 1317 1889 1340 a
1912 1303 2075 1353 paradisi
2096 1304 2241 1352 gaudiis

1246 1380 1261 1396 »
1286 1364 1424 1409 exivit3
1447 1362 1634 1400 secundus
1654 1362 1700 1399 ad
1721 1362 2021 1412 redemptionem
2044 1363 2239 1400 hominum

1248 1440 1262 1454 υ
1288 1423 1466 1468 veniens,
1499 1422 1588 1458 dum
1611 1435 1649 1458 se
1668 1422 1904 1458 voluntatem
1934 1422 2072 1467 Patris,
2099 1430 2136 1458 et
2163 1436 2240 1458 non

1248 1499 1261 1514 υ
1286 1495 1390 1518 suam
1421 1482 1542 1518 facere
1573 1481 1760 1526 ostendit,
1792 1494 2016 1530 permanere
2045 1494 2114 1518 nos
2138 1482 2240 1517 intus

1247 1558 1262 1573 »
1286 1541 1427 1577 docuit.
1458 1543 1549 1578 Cum
1576 1541 1690 1590 igitur
1715 1554 1791 1577 non
1820 1554 1948 1587 suam,
1975 1541 2039 1577 sed
2069 1542 2242 1577 volunta-

1248 1617 1261 1631 »
1289 1608 1362 1636 tem
1384 1600 1503 1636 Patris
1524 1600 1628 1645 facit3
1650 1612 1713 1636 eos
1734 1600 1799 1649 qui
1819 1600 1866 1636 ad
1885 1612 1924 1636 se
1940 1601 2119 1646 veniunt,
2141 1601 2241 1637 foras

1247 1676 1261 1691 »
1286 1672 1363 1695 non
1389 1659 1490 1708 ejicit
1509 1674 1516 1695 ε
1539 1659 1626 1708 quia
1647 1659 1736 1695 dum
1758 1660 1933 1709 exemplo
1961 1673 2029 1697 suo
2055 1673 2125 1697 nos
2146 1659 2240 1697 obe—

1246 1735 1261 1750 »
1285 1718 1436 1755 dientiae
1455 1717 1624 1767 subjicit,
1646 1719 1744 1755 viam
1765 1718 1874 1755 nobis
1894 1720 2118 1768 egressionis
2137 1721 2241 1757 clau-

1247 1795 1261 1810 »
1287 1778 1352 1814 dit.
1371 1778 1470 1814 Hinc
1491 1791 1639 1814 rursum
1661 1778 1712 1813 ait
1734 1792 1741 1814 :
1762 1780 1846 1813 Non
1857 1792 2008 1826 possum
2038 1793 2103 1826 ego
2131 1793 2154 1814 α
2182 1793 2240 1815 me

179 1845 287 1886 pater
306 1845 436 1873 noster
454 1836 678 1873 Benedictus
705 1835 750 1872 de
781 1848 824 1872 ea
854 1844 927 1872 tam
958 1835 1175 1872 terribiliter
1197 1838 1222 1872 C
1246 1854 1260 1869 »
1287 1842 1366 1886 ipso
1393 1836 1526 1885 facere
1556 1839 1783 1886 quidquam,
1813 1840 1881 1873 secl
1906 1843 2002 1874 sicut
2038 1840 2150 1874 audio
2171 1844 2239 1884 su-

179 1897 329 1933 locutus
349 1902 456 1942 est²,
485 1904 525 1932 ut
552 1896 707 1932 fratrum
735 1895 846 1931 etiam
872 1895 969 1931 bene
993 1894 1175 1931 obedien-

181 1955 273 1992 tium
302 1955 417 1992 corda
442 1968 520 2005 prae
541 1955 658 1991 nimio
681 1955 817 1991 timore
838 1955 988 1991 concuti
1012 1956 1173 1991 valeant.

179 2015 252 2053 Sed
270 2023 307 2051 et
321 2015 382 2052 ille
405 2027 572 2052 summus
589 2015 759 2051 melliflui
777 2014 852 2050 oris
872 2015 1077 2063 Gregorius
1103 2015 1176 2050 mi-

181 2073 349 2111 rabiliter
377 2075 631 2124 superexaltat
662 2083 699 2110 et
726 2074 939 2123 magnificat
965 2087 1045 2110 eam
1072 2089 1079 2110 :
1108 2073 1175 2110 ‹le—

181 2143 392 2171 monstrare
410 2143 533 2171 autem
560 2135 691 2170 volens
715 2135 847 2183 quanti
871 2134 918 2170 sit
938 2134 1060 2170 meriti
1081 2133 1176 2170 obe-

181 2193 346 2240 dientia,
378 2195 427 2230 ita
458 2194 509 2230 ait
535 2194 594 2230 vir
621 2194 827 2242 eloquens:
851 2211 864 2225 «
899 2193 984 2231 Sola
1014 2206 1177 2242 namque

184 2271 198 2286 υ
223 2253 439 2290 obedientia
466 2254 587 2291 virtus
618 2262 691 2299 est,
720 2266 804 2302 quae
835 2253 995 2289 virtutes
1025 2261 1176 2288 caeteras

182 2329 199 2345 υ
222 2313 338 2350 menti
357 2314 505 2360 inserit,
527 2314 758 2362 insertasque
778 2311 953 2348 custodit.
967 2311 1079 2348 Unde
1097 2312 1175 2359 pri-

183 2389 197 2406 »
222 2385 305 2410 mus
345 2373 461 2410 homo
502 2381 735 2423 praeceptum
773 2371 875 2421 quod
923 2370 1170 2416 observaret,

183 2450 198 2465 »
220 2434 363 2484 accepit
394 2449 402 2470 :
425 2434 485 2470 cui
514 2434 544 2470 si
573 2434 686 2469 vellet
712 2445 750 2469 se
778 2431 960 2468 obediens
983 2429 1169 2475 subdere,

183 2509 198 2524 »
222 2492 269 2530 ad
292 2502 469 2530 aeternam
489 2492 761 2530 beatitudinem
782 2492 862 2528 sine
884 2490 1014 2527 labore
1037 2503 1173 2540 perve-

184 2568 198 2583 »
222 2553 331 2589 niret.
356 2570 370 2585 »
394 2552 540 2589 Deinde
565 2552 664 2588 idem
685 2552 819 2588 doctor
835 2549 949 2588 verba
966 2563 1050 2600 quae
1070 2550 1172 2586 locu-

1245 1914 1260 1929 »
1285 1899 1369 1932 dico
1390 1896 1414 1932 ⁵.
1450 1896 1566 1933 Nobis
1601 1909 1754 1945 quoque
1791 1896 2006 1934 obedientia
2038 1910 2156 1947 usque
2193 1898 2239 1934 ad

1246 1973 1260 1987 »
1285 1963 1445 1992 mortem
1462 1955 1645 1991 servanda
1665 1956 1898 2006 praecipitur.
1922 1960 2007 2006 Ipse
2027 1966 2152 1993 autem
2173 1957 2239 1994 sic-

1246 2032 1261 2048 »
1285 2024 1324 2052 ut
1349 2015 1453 2052 audit
1473 2014 1635 2063 judicat,
1665 2023 1753 2051 tunc
1785 2029 1940 2065 quoque
1972 2015 2121 2061 obedit,
2151 2030 2235 2052 cum

1247 2075 1399 2124 »judex
1434 2075 1548 2110 venit.
1586 2078 1638 2111 Ne
1675 2075 1786 2123 igitur
1818 2088 1937 2125 usque
1968 2076 2013 2112 ad
2045 2077 2239 2125 praesentis

1247 2152 1261 2167 υ
1285 2135 1371 2171 vitae
1387 2135 1587 2170 terminum
1605 2133 1819 2171 obedientia
1840 2134 2027 2172 laboriosa
2044 2145 2237 2186 appareat,

1246 2212 1262 2227 »
1287 2194 1522 2244 Redemptor
1553 2202 1681 2229 noster
1710 2194 1874 2238 indicat,
1906 2196 1995 2244 quia
2028 2196 2124 2232 lianc
2152 2209 2238 2232 cum

1247 2252 1401 2302 »judex
1427 2253 1573 2289 venerit
1602 2261 1738 2289 servat.
1769 2253 1867 2300 Quid
1900 2267 1989 2303 ergo
2018 2256 2177 2298 mirum,
2207 2255 2238 2291 si

1246 2331 1260 2346 υ
1282 2321 1459 2363 peccator
1478 2313 1592 2348 homo
1613 2311 1838 2349 obedientiae
1866 2314 1904 2349 in
1933 2315 2130 2363 praesentis
2150 2315 2237 2351 vitae

1246 2390 1260 2405 »
1284 2373 1469 2409 brevitate
1499 2385 1537 2408 se
1557 2370 1733 2420 subjicit,
1763 2372 1917 2421 quando
1941 2373 2035 2409 banc
2054 2373 2240 2409 Mediator

1243 2450 1257 2465 >›
1282 2433 1350 2470 Dei
1367 2441 1404 2469 et
1423 2432 1619 2468 hominum
1640 2431 1751 2468 etiam
1770 2445 1854 2468 cum
1871 2431 2091 2470 obedientes
2111 2446 2238 2469 remu-

1242 2510 1257 2526 »
1285 2500 1392 2529 nerat
1410 2504 1486 2528 non
1509 2491 1714 2540 relinquit?

1296 2552 1353 2589 18.
1381 2570 1395 2583 »
1417 2550 1618 2589 Sciendum
1641 2564 1730 2587 vero
1748 2560 1825 2596 est,
1847 2564 2040 2600 nunquam
2058 2565 2127 2600 per
2146 2550 2237 2587 obe-

181 2618 241 2646 tus
260 2618 315 2647 est
340 2611 502 2660 Spiritus
521 2619 669 2648 sanctus
692 2624 760 2660 per
782 2624 824 2647 os
846 2610 1027 2647 Samuelis
1056 2622 1171 2658 supe-
1190 2610 1221 2643 D
1244 2630 1258 2645 υ
1286 2612 1466 2648 dientiam
1490 2611 1628 2646 malum
1648 2609 1786 2646 debere
1808 2611 1887 2646 fieri
1906 2625 1913 2646 :
1937 2610 2140 2659 aliquando
2170 2624 2238 2646 au-

181 2670 260 2706 rius
280 2670 401 2719 posita
421 2684 616 2720 exponens
630 2670 742 2707 dicit:
760 2688 774 2702 «
793 2670 1017 2708 Obedientia
1031 2671 1174 2719 quippe

185 2747 199 2760 ι»
223 2728 383 2766 victimis
399 2728 485 2778 jure
509 2729 766 2779 praeponitur3
797 2729 886 2778 quia
912 2741 980 2778 per
1003 2728 1174 2763 victimas

185 2805 199 2818 »
224 2788 344 2824 aliena
371 2801 477 2834 caro,
504 2801 572 2837 per
591 2787 846 2824 obedientiam
877 2800 968 2824 vero
997 2787 1173 2823 voluntas

184 2865 198 2880 υ
226 2847 381 2897 propria
398 2856 592 2884 mactatur.
612 2851 732 2884 Tanto
753 2847 911 2896 quisque
928 2850 1047 2883 Deum
1065 2846 1172 2883 citius

185 2925 199 2939 υ
224 2907 367 2956 placat,
390 2916 533 2956 quanto
553 2915 639 2944 ante
664 2908 794 2944 oculos
815 2906 897 2956 ejus
924 2919 1092 2956 repressa
1117 2920 1172 2943 ar-

186 2983 200 2997 »
225 2965 326 3002 bitrii
353 2965 529 3016 superbia
555 2966 678 3015 gladio
711 2967 888 3016 praecepti
919 2980 957 3002 se
990 2966 1172 3002 immolat.

186 3042 200 3058 υ
225 3029 309 3073 Quo
338 3034 469 3062 contra
494 3026 676 3063 ariolandi
700 3035 894 3076 peccatum
916 3025 1172 3062 inobedientia

188 3102 200 3117 υ
223 3084 382 3131 (licitur,
416 3094 457 3122 ut
481 3095 620 3136 quanta
646 3087 693 3123 sit
719 3087 838 3123 virtus
868 3086 1083 3123 obedientia
1106 3085 1172 3121 ‹le-

187 3161 201 3175 v
226 3153 467 3182 monstretur.
492 3149 545 3182 Ex
571 3145 728 3182 adverso
754 3146 854 3182 enim
883 3146 1014 3180 melius
1043 3153 1172 3181 oston-

186 3219 200 3233 »
225 3202 325 3239 ditur
346 3203 436 3252 quid
461 3204 506 3240 de
535 3204 616 3253 ejus
639 3205 748 3241 laude
777 3204 971 3240 sentiatur.
1004 3204 1040 3239 Si
1072 3204 1171 3240 enim

235 3335 240 3347 '
267 3332 337 3359 luc.
352 3340 370 3358 x
384 3354 390 3364 .
414 3334 462 3360 Νι.
481 3349 518 3352 --
543 3338 552 3351 ²
574 3334 603 3361 S.
622 3331 733 3362 Rem-d,
754 3335 825 3372 llrg.
844 3342 932 3373 capp.
952 3336 982 3365 s».
1006 3334 1060 3362 08.
1085 3332 1136 3360 71.

1220 3329 1335 3362 ἶΡτω.
1350 3341 1404 3360 xxi
1420 3355 1426 3365 ,
1448 3334 1499 3360 28.

1245 2689 1260 2704 »
1285 2679 1357 2707 tem
1389 2683 1456 2719 per
1476 2669 1751 2714 obedientiam,
1785 2669 1888 2717 quod
1919 2671 2040 2718 agitur
2071 2669 2234 2713 bonum,

1246 2750 1259 2764 υ
1285 2730 1421 2767 debere
1441 2729 1648 2765 intermitti.
1670 2732 1798 2776 Neque
1819 2729 1919 2764 enim
1948 2730 2042 2764 mala
2062 2728 2176 2765 arbor
2197 2730 2233 2764 in

1245 2809 1259 2824 i>
1284 2790 1456 2840 paradiso
1489 2788 1648 2831 exstitit,
1687 2801 1799 2836 quam
1834 2791 1934 2824 Deus
1966 2788 2110 2824 bomini
2156 2801 2232 2824 non

1241 2869 1256 2883 »
1282 2859 1433 2898 tangere
1468 2847 1660 2884 interdixit
1691 2861 1697 2882 :
1731 2847 1795 2883 scd
1826 2856 1865 2883 ut
1895 2848 2026 2883 melius
2052 2861 2118 2897 pvr
2139 2847 2233 2884 obc-

1243 2928 1256 2942 »
1284 2909 1433 2946 dientiae
1451 2908 1625 2943 meritum
1648 2906 1760 2942 bomo
1782 2906 1876 2942 benc
1895 2906 2069 2943 conditus
2086 2921 2231 2944 cresce-

1246 2987 1259 3000 „
1285 2976 1360 3011 ret,
1383 2967 1537 3015 dignum
1557 2966 1676 3002 suerat
1694 2974 1734 3002 ut
1754 2966 1853 3002 bunc
1878 2980 1898 3001 a
1923 2965 2026 3002 bono
2055 2965 2234 3015 probibe-

1243 3046 1258 3061 »
1284 3036 1358 3071 ret;
1386 3035 1568 3075 quatenus
1596 3034 1700 3061 tanto
1722 3026 1848 3062 verius
1875 3026 1945 3062 boc
1971 3026 2073 3075 quod
2108 3035 2232 3075 ageri-t

1243 3105 1257 3119 υ
1283 3087 1401 3122 virtus
1422 3093 1539 3126 esset,
1565 3094 1707 3134 quanto
1735 3094 1770 3121 et
1797 3099 1816 3122 a
1845 3085 1946 3121 bono
1974 3099 2140 3129 cessam,
2163 3100 2231 3122 au-

1243 3163 1257 3178 »
1283 3147 1374 3182 ctori
1409 3158 1477 3181 sno
1508 3157 1546 3181 sc
1579 3144 1772 3181 subditum
1807 3144 1985 3181 humilius
2026 3145 2230 3181 exliibcrct.

1244 3222 1257 3237 »s
1285 3204 1354 3241 Sed
1392 3205 1478 3254 quia
1511 3216 1784 3253 nonnunquam
1818 3203 1926 3240 nobis
1958 3204 2068 3251 liujus
2101 3205 2232 3240 mundi

1580 3333 1910 3364 ⁴Joan.v1‚.'l,*‚.ts.
1984 3329 1993 3345 ’“
2019 3330 2062 3360 ld.
2083 3343 2111 3362 x,
2131 3333 2183 3358 ΑΟ,
