2418 3949
123 237 196 273 697

724 235 1006 272 TRACTATUS
1036 235 1100 269 DE
1128 234 1380 274 INTERIORI
1409 241 1558 276 DOMO.

2088 245 2163 280 698

122 322 190 349 ret.
211 313 477 364 Recogitemus
493 320 633 362 quanta
654 312 752 349 bona
766 316 868 349 Deus
894 311 979 348 fecit
995 306 1162 346 nobis⁵³⁰
1176 313 1428 361 concutiatur3
1448 328 1523 352 non
1545 316 1715 365 capiatur
1734 317 1936 365 illecebris,
1962 332 2038 356 non
2059 321 2165 357 sran-

124 386 200 409 non
221 372 442 422 rogantibus
459 386 581 422 neque
603 371 926 416 desiderantibus,
955 371 1030 406 imo
1051 382 1110 405 re-
1127 367 1156 400 A
1175 379 1284 420 gatur
1310 374 1500 410 molestiis.
1533 376 1642 412 Nulla
1680 376 1733 413 ira
1748 405 1758 421 ,
1795 378 1899 414 nulla
1932 378 2167 429 impatientia

121 433 359 479 cusantibus;
383 441 420 469 et
442 446 555 481 quam
582 433 699 469 multa
716 439 868 482 peccata
887 429 1026 467 dimisit
1043 441 1111 464 no—

120 490 201 537 bis,
231 500 268 529 et
296 505 316 528 a
341 491 490 541 quantis
516 491 690 540 periculis
717 489 892 526 liberavit
919 500 988 523 nos
1014 485 1110 522 libe-

121 559 225 588 rator
259 555 362 588 Deus
398 565 405 586 :
443 563 555 599 quam
595 562 729 598 magna
765 547 931 597 dignatio
962 544 1111 595 pietatis

121 611 190 647 fuit
205 639 215 656 ,
236 610 340 659 quod
363 610 531 659 ingratos
556 618 593 645 et
616 609 655 645 in
678 607 805 644 multis
827 605 1036 643 contrarios
1052 631 1061 648 ,
1089 616 1111 639 a

121 678 193 707 tam
215 671 342 706 multis
368 669 531 718 peccatis
556 668 760 705 custodivit
787 680 854 703 nos
874 665 943 702 Dei
969 663 1108 714 gratia,

118 730 156 766 in
179 742 263 779 quae
291 729 484 778 potuimus
516 727 672 772 cadere,
707 727 803 763 sicut
830 726 868 761 in
900 725 970 760 alia
993 723 1110 759 multa

119 788 332 826 cecidimus.
351 786 498 824 Idcirco
514 786 609 822 sicut
625 785 769 821 nullum
786 792 841 822 est
857 790 1087 820 momentum
1099 811 1108 827 ,

118 848 157 885 in
189 860 265 897 quo
294 859 372 883 non
402 853 555 881 utamur
583 845 644 881 vel
673 845 843 881 fruamur
874 842 946 880 Dei
972 842 1110 891 pietate

116 914 154 942 et
169 904 423 943 misericordia
447 918 454 939 :
478 905 530 941 sic
547 904 693 941 nullum
711 903 823 940 debet
840 915 918 940 esse
937 913 1111 937 momen-

117 974 196 1002 tum
210 993 220 1011 ,
242 965 280 1001 in
299 977 376 1014 quo
393 976 479 1000 eum
506 971 731 1013 praesentem
749 975 826 999 non
849 960 1054 998 habeamus
1072 959 1110 995 in

115 1025 310 1061 memoria.

471 1140 645 1179 CAPUT
674 1140 745 1179 IV.

236 1265 284 1294 De
300 1263 390 1294 tertia
408 1262 553 1294 columna
567 1287 574 1300 ‚
600 1273 669 1304 quae
687 1268 733 1294 est
753 1273 806 1294 cor
821 1265 984 1297 mundum.

167 1383 202 1419 8.
234 1382 412 1432 Sequitur
434 1390 476 1418 ut
506 1395 612 1426 eum,
643 1395 662 1418 a
693 1395 770 1431 quo
799 1391 902 1420 tanta
927 1384 1110 1423 beneficia

115 1441 330 1491 accepimus
349 1468 359 1485 ,
395 1448 476 1476 toto
507 1439 622 1475 corde
650 1439 849 1488 diligamus
882 1456 889 1476 z
926 1442 996 1479 hoc
1027 1451 1106 1485 est,

113 1508 191 1537 tota
217 1499 466 1549 cogitatione,
506 1507 583 1535 tota
621 1500 842 1546 asse-ctione,
886 1502 967 1539 sine
1003 1503 1105 1539 defe-

111 1559 248 1596 ctione.
279 1559 334 1596 Sit
363 1571 429 1595 cor
457 1567 626 1604 rectum,
657 1567 697 1595 ut
723 1560 757 1595 ei
785 1573 853 1609 per
873 1562 999 1598 onmia
1028 1562 1107 1611 pla-

111 1628 193 1656 ceat
217 1623 329 1656 Deus.
357 1619 412 1656 Sit
437 1627 580 1655 rectum
611 1619 834 1655 rectitudine
863 1617 1103 1666 intentionis,

110 1679 326 1715 exclusione
358 1690 547 1727 perversae
581 1677 820 1726 cogitationis
843 1706 852 1723 ,
890 1679 1104 1716 assiduitate

109 1738 450 1788 contemplationis.
474 1738 526 1775 Sit
547 1745 719 1786 paratum
738 1738 844 1786 sequi
865 1739 1101 1776 voluntatem

109 1799 203 1843 Dei,
222 1798 261 1834 in
276 1809 553 1847 quamcumque
571 1805 713 1846 partem
734 1797 905 1834 inclinari
923 1811 1002 1834 eam
1035 1812 1102 1835 co—

1175 444 1305 480 pacem
1333 434 1574 483 quietemque
1601 435 1714 471 animi
1735 436 1886 474 turbare
1905 439 2023 487 possit
2041 455 2048 476 :
2067 454 2166 489 quo·

1175 488 1274 524 niam
1303 490 1469 528 Christus
1501 505 1575 540 pax
1606 501 1685 538 est,
1715 502 1751 529 et
1781 494 1815 530 in
1846 508 1938 544 pace
1966 498 2167 546 requiescit

1175 548 1277 597 pacis
1294 558 1440 586 amator
1455 566 1465 595 ;
1482 559 1519 586 et
1543 551 1582 586 in
1608 551 1829 600 perturbato
1850 553 1975 591 animo
1996 556 2165 594 habitare

1176 619 1251 643 non
1273 617 1406 657 potest.
1427 610 1482 646 Sit
1502 619 1783 647 consummatus
1803 612 1839 648 in
1862 614 1930 649 Dei
1951 614 2165 653 dilectione.

1175 669 1257 703 Hoc
1274 668 1373 704 enim
1392 677 1447 704 est
1464 669 1617 718 diligere
1634 673 1755 706 Deum
1774 700 1783 716 ‚
1806 672 1857 707 illi
1879 685 2064 722 occupare
2083 677 2168 712 ani-

1176 739 1305 771 mum,
1335 728 1535 777 concipere
1568 729 1736 765 fruendae
1768 730 1924 766 visionis
1955 732 2037 780 ejus
2072 735 2168 770 affe-

1175 792 1295 831 ctum,
1320 785 1459 823 habere
1488 788 1630 836 peccati
1659 787 1811 833 odium,
1840 789 1971 825 mundi
2000 801 2170 829 contem-

1176 852 1282 893 ptum
1304 858 1311 879 :
1335 844 1487 894 diligere
1506 846 1721 895 proximum
1736 875 1745 892 ,
1775 860 1886 896 quem
1916 848 1996 898 ipse
2024 853 2169 888 censuit

1177 903 1421 953 diligendum.

1540 1022 1716 1061 CAPUT
1741 1024 1809 1063 YI.

1374 1146 1422 1175 De
1440 1149 1524 1174 recto
1541 1144 1650 1186 spiritu
1664 1168 1671 1181 ‚
1691 1144 1836 1176 columna
1851 1145 1970 1186 quinta.

1233 1263 1290 1297 10.
1320 1261 1480 1311 Spiritus
1507 1269 1631 1298 autem
1662 1261 1710 1298 sit
1741 1271 1884 1309 rectus,
1916 1263 1964 1300 ab
1993 1265 2170 1304 omnibus

1177 1321 1336 1357 terrenis
1374 1329 1411 1356 et
1446 1319 1696 1370 praesentibus
1728 1334 1885 1371 prorsus
1917 1336 2098 1366 aversus,
2133 1335 2170 1362 et

1174 1383 1255 1417 Deo
1283 1379 1581 1429 inseparabiliter
1604 1379 1760 1428 junctus
1786 1389 1823 1417 et
1846 1383 1987 1419 unitus.
2018 1385 2083 1420 Pia
2102 1384 2169 1421 dc-

1175 1439 1330 1475 votione
1353 1438 1544 1484 ascendat,
1568 1448 1605 1475 et
1633 1439 1757 1475 visitet
1777 1453 1958 1490 supernas
1981 1443 2108 1490 sedes,
2131 1453 2167 1481 et

1172 1499 1308 1535 multas
1334 1512 1417 1547 quae
1447 1499 1486 1534 in
1516 1498 1630 1534 domo
1661 1499 1780 1535 Patris
1811 1509 1899 1536 sunt
1930 1503 2165 1549 mansiones,

1171 1558 1364 1594 humiliter
1388 1571 1426 1595 se
1454 1567 1697 1607 prosternens
1727 1568 1812 1595 ante
1839 1560 2016 1597 thronum
2040 1563 2109 1599 Dei
2130 1572 2167 1599 et

1170 1618 1280 1667 Agni.
1317 1621 1451 1655 Currat
1481 1631 1549 1667 per
1578 1618 1720 1667 plateas
1758 1632 1932 1668 supernae
1960 1621 2048 1658 Sion
2071 1636 2078 1656 :
2100 1636 2167 1659 au-

1171 1677 1248 1713 diat
1273 1677 1366 1713 illud
1387 1677 1504 1714 melos
1527 1678 1779 1726 Angelorum,
1801 1688 1837 1715 et
1853 1693 1936 1716 cum
1956 1683 2167 1719 reverentia

1170 1737 1358 1786 supplicet
1391 1737 1536 1773 cunctis
1581 1736 1779 1773 ordinibus
1823 1737 2019 1776 beatorum
2057 1742 2164 1791 spiri-

1169 1804 1297 1842 tuum3
1328 1796 1484 1844 singulis
1510 1808 1579 1845 per
1607 1808 1669 1841 se,
1701 1805 1737 1832 et
1774 1797 1883 1834 simul
1918 1799 2095 1838 omnibus
2124 1815 2163 1838 se

107 1857 293 1907 gnoverit.
323 1857 376 1895 Sit
399 1869 566 1901 sursum,
604 1856 649 1893 ad
677 1857 757 1893 sola
784 1857 948 1893 coelestia
975 1866 1013 1894 et
1047 1857 1103 1894 di-
1125 1854 1151 1888 C
1170 1855 1450 1892 commendans.
1470 1859 1626 1891 Tantam
1655 1869 1744 1892 vero
1771 1858 1927 1906 gratiam
1947 1872 2023 1895 non
2047 1874 2165 1898 mere-

106 1917 197 1953 vina
216 1914 510 1965 contemplanda
526 1923 563 1951 et
580 1914 839 1951 desideranda.
865 1916 919 1953 Sit
941 1929 1078 1965 purum
1091 1945 1100 1962 ‚

107 1984 150 2012 ut
183 1976 274 2012 nihil
309 1974 449 2011 morari
479 1974 577 2010 intra
617 1987 655 2010 se
692 1974 855 2023 patiatur
886 1975 972 2010 mali
999 1990 1006 2011 :
1037 1988 1104 2011 nec

108 2036 299 2073 modicum
331 2034 485 2084 quidem
512 2033 785 2070 offendiculum
820 2033 1015 2071 tolerabile
1047 2048 1104 2071 re-

106 2104 230 2146 putet,
262 2102 326 2131 aut
353 2094 391 2130 in
422 2093 649 2130 conscientia
683 2106 768 2137 sua,
798 2101 863 2128 aut
893 2094 932 2129 in
964 2093 1097 2129 aliena.

106 2155 159 2191 Sit
191 2155 300 2191 dulce
333 2153 434 2190 dulei
467 2152 739 2201 responsione,
776 2152 882 2188 suavi
924 2152 1100 2189 admoni-

107 2214 228 2259 tione,
258 2212 421 2261 benigna
449 2211 765 2260 reprehensione,
797 2210 988 2248 moderata
1014 2226 1098 2249 cor-

105 2273 282 2310 rectione.
316 2272 369 2310 Sit
398 2271 604 2315 mundum,
634 2279 674 2307 ut
705 2271 818 2306 totius
848 2271 1098 2308 immunditiae

103 2332 303 2382 spurcitias
330 2344 534 2381 respuens,
560 2330 831 2379 cogitationum
863 2330 958 2367 sicut
987 2331 1100 2367 aetio-

106 2404 194 2428 num
215 2399 369 2442 peccata
389 2390 574 2440 deploret.
602 2389 748 2426 Desseat
774 2402 843 2438 pro
864 2402 929 2426 sua
951 2390 1099 2427 miseria

103 2459 141 2488 et
167 2451 287 2487 aliena
315 2465 323 2487 :
354 2451 480 2499 lugeat
509 2462 585 2485 non
615 2449 736 2485 solum
755 2461 822 2485 sua
851 2448 1008 2495 delicta,
1034 2449 1099 2486 sed

103 2511 213 2547 etiam
228 2511 347 2547 aliena
368 2524 375 2545 :
394 2517 672 2560 compungatur
687 2522 757 2559 pro
775 2509 881 2546 malis
898 2522 983 2558 quae
1000 2522 1100 2546 com-

106 2568 227 2613 misit,
250 2577 287 2605 et
305 2567 417 2605 bonis
435 2581 519 2617 quae
541 2567 718 2616 neglexit.

469 2699 644 2737 CAPL'T
674 2699 724 2738 V.

287 2817 335 2845 De
354 2814 458 2844 animo
477 2813 576 2844 libero
589 2837 597 2850 ,
624 2819 734 2855 quarta
752 2813 906 2844 columna.

154 2927 189 2962 9.
222 2925 379 2962 Animus
402 2939 492 2962 vero
520 2926 565 2963 sit
591 2925 686 2962 liber
705 2939 725 2962 a
752 2926 883 2963 mundi
913 2927 1095 2964 sollicitu-

102 2984 276 3031 dinibus,
305 2999 324 3021 a
353 2985 474 3021 carnis
501 2984 781 3035 voluptatibus,
803 2999 823 3022 a
846 2987 972 3036 pravis
996 2988 1095 3035 cogi-

102 3043 307 3080 tationibus
331 3058 338 3079 :
366 3052 404 3081 ut
436 3045 570 3094 possit,
594 3058 678 3081 cum
713 3045 894 3090 voluerit,
927 3054 991 3081 aut
1024 3046 1093 3083 sibi

99 3102 296 3139 intendere
318 3131 327 3148 ‚
363 3112 426 3140 aut
468 3104 617 3140 utilitati
653 3104 808 3140 fratrum
859 3105 1092 3150 ministrare,

99 3170 164 3198 aut
195 3162 230 3198 in
259 3163 576 3213 contemplatione
609 3163 815 3200 coelestium
845 3163 1090 3212 requiescere.

99 3221 152 3257 Sit
185 3222 337 3267 lirinus,
368 3230 406 3258 ut
446 3222 546 3258 nulla
577 3223 773 3272 repentina
804 3221 1092 3271 perturbatione

148 3352 155 3366 ¹
175 3348 267 3377 Rom.
289 3358 321 3385 ι,
341 3350 393 3378 20.
411 3365 452 3369 -
474 3353 485 3369 ¹
508 3349 620 3381 Mattlt.
641 3362 671 3384 v,
693 3354 723 3380 ὅ.

1172 1923 1231 1952 tur
1269 1916 1438 1965 accipere
1478 1916 1644 1961 animus,
1677 1917 1742 1964 qui
1781 1917 1817 1953 in
1858 1919 1915 1954 sui
1950 1921 2164 1969 cognitione

1170 1974 1233 2010 diu
1257 1975 1482 2011 exercitatus
1505 1983 1542 2011 et
1564 1975 1675 2024 plene
1692 1976 1862 2013 eruditus
1883 1991 1959 2014 non
1978 1989 2044 2016 est.
2071 1984 2165 2018 Fru—

1169 2043 1245 2071 stra
1276 2035 1375 2071 enim
1403 2035 1528 2071 cordis
1562 2036 1712 2071 oculum
1743 2036 1853 2086 erigit
1883 2038 1929 2074 ad
1960 2039 2162 2078 videndum

1167 2097 1313 2139 Deum,
1338 2095 1403 2143 qui
1433 2094 1602 2130 nondum
1625 2095 1784 2131 idoneus
1811 2105 1867 2132 est
1887 2097 1932 2133 ad
1957 2098 2162 2137 videndum

1168 2166 1206 2190 se
1223 2154 1359 2203 ipsum.
1386 2154 1494 2190 Prius
1512 2154 1612 2190 enim
1633 2168 1784 2191 necesse
1812 2165 1866 2192 est
1894 2165 1934 2192 ut
1962 2171 2163 2207 cognoscas

1166 2212 1371 2248 invisibilia
1402 2213 1555 2262 spiritus
1587 2213 1661 2258 tui,
1692 2226 1804 2262 quam
1835 2215 1955 2264 possis
1978 2229 2058 2253 esse
2086 2218 2164 2253 ido-

1167 2283 1260 2306 neus
1288 2270 1334 2307 ad
1364 2271 1624 2320 cognoscenda
1644 2271 1845 2309 invisibilia
1866 2274 1948 2309 Dei.
1972 2277 2016 2310 Et
2035 2275 2064 2311 si
2086 2289 2162 2313 non

1166 2337 1274 2378 potes
1291 2342 1519 2379 cognoscere
1549 2338 1602 2374 te,
1625 2344 1700 2368 non
1724 2344 1929 2380 praesumas
1950 2334 2165 2383 apprehen-

1166 2388 1255 2424 dere
1285 2401 1327 2424 ea
1353 2401 1438 2437 quae
1464 2397 1553 2424 sunt
1579 2402 1692 2439 supra
1720 2399 1766 2426 te.

1223 2448 1280 2484 11.
1303 2448 1538 2497 Praecipuum
1570 2457 1607 2484 et
1646 2449 1853 2499 principale
1887 2453 2081 2500 speculum
2116 2454 2163 2490 ad

1164 2506 1370 2543 videndum
1402 2510 1549 2550 Deum,
1579 2516 1634 2544 est
1664 2508 1813 2545 animus
1845 2510 2036 2547 rationalis
2061 2513 2164 2549 inve-

1166 2567 1272 2604 niens
1293 2580 1331 2603 se
1360 2567 1496 2616 ipsum.
1518 2568 1553 2603 Si
1588 2568 1688 2603 euim
1725 2569 1931 2606 invisibilia
1967 2573 2060 2615 Dei,
2095 2586 2164 2622 per

1117 2628 1208 2662 Dea
1236 2640 1320 2676 quae
1348 2627 1441 2662 sacta
1468 2635 1575 2671 sunt,
1607 2628 1795 2663 intellecta
1823 2630 2158 2678 conspiciuntur¹3

1163 2685 1251 2732 ubi,
1277 2699 1406 2735 quaeso
1423 2714 1431 2730 ,
1452 2699 1565 2734 quam
1586 2686 1621 2721 in
1647 2686 1729 2734 ejus
1750 2687 1912 2736 imagine
1931 2691 2160 2738 cognitionis

1163 2745 1243 2793 ejus
1275 2745 1427 2793 vestigia
1452 2745 1665 2793 expressius
1691 2744 1874 2793 impressa
1895 2748 2161 2796 reperiuntur?

1163 2808 1297 2853 Tergat
1335 2816 1424 2851 ergo
1466 2803 1659 2851 speculum
1692 2816 1800 2839 suum
1820 2833 1830 2848 ,
1862 2806 2018 2842 mundet
2049 2808 2159 2857 spiri·

1163 2875 1240 2901 tum
1268 2878 1395 2908 suum,
1425 2864 1595 2913 quisquis
1623 2865 1697 2899 sitit
1721 2864 1849 2901 videre
1879 2869 1999 2902 Deum
2031 2881 2155 2904 suum.

1162 2925 1261 2960 Beati
1297 2923 1438 2959 mundo
1472 2922 1604 2966 corde,
1638 2923 1817 2972 quoniam
1855 2925 1925 2974 ipsi
1960 2929 2079 2963 noum
2102 2928 2158 2964 vi·

1162 2984 1346 3019 debunt².
1381 2986 1460 3018 lloc
1492 2983 1686 3031 speculum
1718 2996 1829 3019 verus
1861 2986 2048 3034 pn’niteus
2080 2999 2156 3022 non

1161 3051 1278 3080 cessat
1308 3042 1478 3091 quotidie
1510 3042 1714 3091 inspicere,
1748 3052 1911 3093 tergere,
1943 3054 2091 3087 tenere,
2121 3056 2159 3083 et

1160 3102 1363 3139 custodire.
1389 3101 1598 3150 Inspicere,
1622 3102 1650 3137 si
1671 3103 1812 3151 aliquid
1841 3103 1877 3139 in
1898 3117 1942 3140 co
1971 3106 2158 3154 reperiat,

1159 3161 1262 3211 quod
1284 3165 1363 3198 Deo
1381 3160 1588 3210 displiceat.
1614 3165 1775 3210 Tergere
1789 3190 1798 3206 ,
1828 3176 1902 3199 uon
1924 3164 2044 3200 solum
2068 3178 2154 3214 pec-

1159 3231 1239 3259 cata
1264 3221 1477 3266 actionum,
1505 3234 1634 3257 verum
1658 3222 1769 3258 etiam
1796 3223 2088 3271 cogitationum.
2116 3234 2156 3261 ut
