2504 3928
327 259 413 294 1171

961 261 1193 295 noiutMCA
1226 263 1269 295 ΙΝ
1304 263 1496 301 t‘Amtls‘,
1529 262 1702 295 SERMO.

2254 264 2347 301 1172

321 345 401 370 tos:
424 335 499 369 duo
521 334 692 381 discipuli
708 334 848 369 asinam
866 335 1052 371 solventes
1071 343 1107 370 et
1131 335 1272 384 pullum
1288 335 1444 378 ,³”⁰l1;ee
1473 344 1527 370 est
1559 335 1701 383 gratia,
1725 347 1799 370 non
1832 348 1905 383 qua
1935 349 2002 372 nos
2025 338 2347 387 appropinquavi-

319 402 431 440 atque
448 392 493 428 ad
515 396 640 428 Jesum
657 392 837 429 ducentes
851 421 860 437 ,
882 392 957 428 duo
974 401 1062 428 sunt,
1077 394 1297 442 praedicato·
1317 402 1343 432 Α
1368 408 1448 430 111115
1467 398 1544 430 Deo
1557 423 1566 438 ,
1585 394 1836 442 sedquoniam
1861 395 1939 443 ipse
1954 396 2058 444 prior
2075 398 2350 446 appropinqua-

321 466 402 487 rum
424 452 598 496 ordines,
621 465 782 500 quorum
805 452 950 488 unusin
968 452 1303 498 circumcisionem,

321 514 414 547 alter
440 513 474 547 in
499 513 723 561 przeputium
745 521 799 548 est
829 513 960 548 missus
976 541 985 557 ,
1007 522 1208 561 utrumque
1236 528 1304 563 po-

323 571 451 619 pulum
481 579 518 605 et
548 579 783 619 peccatorum
807 569 958 607 funibus
986 570 1246 617 absolventes,
1269 581 1306 609 et

320 629 365 663 ad
392 629 622 677 agnitionem
658 642 754 664 verae
782 628 865 664 lidei
897 629 1156 678 perducentes.
1185 632 1302 667 Vesti—

324 695 446 722 menta
473 686 648 734 jumento
678 687 873 735 imposita,
895 696 1123 724 sacramenta
1149 698 1236 725 sunt
1268 691 1306 724 li-

326 744 388 780 dei
421 745 561 793 populo
592 745 794 781 christiano
825 746 1019 782 eoinmissa
1037 759 1175 796 ,super
1201 748 1305 796 quod

324 804 426 839 sedet
448 807 574 849 Jesus,
595 806 683 853 quia
704 818 770 854 per
790 805 899 841 iidem
922 806 959 841 in
980 805 1156 843 cordibus
1171 819 1300 843 eorum

322 862 463 898 habitat
495 863 674 899 Clu-istus.
710 864 874 900 Plurima
909 872 1032 900 autem
1064 865 1190 910 turba,
1219 880 1302 915 quae

322 921 513 958 sternebat
535 923 756 959 vestimenta
775 936 840 959 sua
857 924 893 959 in
919 924 1003 968 via,
1034 925 1235 961 multitudo
1254 934 1309 961 est

323 989 528 1027 martyrum
551 989 764 1017 sanctorum
779 1009 789 1025 ,
809 994 968 1030 corpora
986 994 1051 1018 sua
1071 983 1116 1018 ad
1137 983 1309 1020 imitatio-

325 1052 407 1074 nem
431 1039 564 1075 Christi
595 1041 868 1089 opponentium
889 1041 935 1077 ad
956 1042 1150 1090 supplicia.
1175 1046 1310 1079 Ramos

1371 453 1422 488 vit
1451 452 1495 488 ad
1524 465 1603 488 nos.
1632 453 1955 501 Appropimpians
1992 454 2116 502 itaque
2145 457 2349 492 Jerusalem

1372 511 1473 547 venit
1495 510 1707 559 Betlipliage
1722 539 1730 554 ,
1753 519 1787 546 et
1811 512 1996 548 Betlianiae
2014 513 2059 548 ad
2080 522 2249 550 montem
2270 516 2350 551 Oli-

1371 571 1444 605 veti
1462 585 1468 605 :
1491 570 1652 606 innuens
1673 569 1798 614 nobis,
1818 579 1857 606 ut
1873 569 2050 616 arbitror,
2071 572 2107 607 in
2133 572 2203 607 lioc
2224 582 2353 609 sancto

1372 629 1503 665 itinere
1523 642 1591 664 suo
1613 641 1686 664 non
1716 641 1824 677 posse
1847 642 1913 665 nos
1935 629 1980 665 ad
1997 642 2121 666 veram
2141 631 2353 679 pertingere

1372 701 1500 737 pacem
1518 717 1526 732 ,
1559 688 1627 724 nisi
1652 688 1768 724 simus
1800 697 1836 724 et
1869 702 1935 738 per
1961 689 2234 725 confessionem
2260 704 2353 739 pure

1372 760 1440 782 nos
1461 746 1675 795 detegentes
1687 775 1696 791 ‚
1718 755 1754 783 et
1771 747 1808 783 in
1825 749 2022 797 praeceptis
2037 757 2212 798 prompte
2227 757 2264 785 et
2284 750 2354 785 1111-

1370 807 1506 842 militer
1536 805 1777 850 obedientes,
1809 815 1845 842 et
1875 807 2033 843 aliorum
2066 807 2351 845 necessitatibus

1369 878 1436 914 per
1470 865 1762 901 misericordiam
1799 866 1857 914 pie
1880 867 2164 915 compatientes.

1426 925 1462 960 4.
1480 929 1585 969 Nam,
1604 933 1644 960 ut
1660 924 1779 969 scitis,
1800 926 2003 961 Jerusalem
2024 926 2121 961 Visio
2140 926 2242 974 pacis
2262 925 2355 961 dici-

1376 992 1449 1019 tur.
1472 984 1526 1019 Ad
1541 996 1652 1032 quam
1675 992 1763 1019 tunc
1780 992 1879 1020 recta
1895 993 1931 1020 et
1948 985 2047 1033 regia
2069 985 2126 1020 via
2144 985 2333 1034 pergimus
2348 1012 2358 1027 ,

1376 1043 1406 1077 si
1436 1055 1503 1090 per
1524 1042 1766 1077 consessionis
1794 1042 2018 1090 puritatem,
2044 1055 2111 1091 per
2130 1041 2356 1078 obedientiae

323 1098 369 1133 de
390 1097 587 1135 arboribus
618 1099 821 1144 eredentes,
849 1100 1022 1136 doctores
1051 1110 1155 1146 sunt,
1181 1102 1309 1137 catho-
1332 1107 1357 1139 B
1377 1101 1644 1144 humilitatem,
1666 1109 1701 1136 et
1727 1114 1793 1149 per
1807 1101 2068 1137 misericordiae
2095 1100 2359 1137 sublimitatem

326 1157 411 1192 lieas
443 1170 487 1192 ex
519 1157 638 1193 Libris
671 1159 807 1194 sanetis
833 1159 1035 1194 sententias
1062 1159 1310 1195 extrahentes.

329 1219 401 1258 (Jm'
424 1216 615 1262 prwilmnt
641 1226 674 1251 (Ἰ
704 1222 768 1264 qui
791 1217 1046 1265 sequebantur,
1074 1218 1309 1261 clamabant,

329 1277 527 1317 H‹›.=·nnua;
559 1275 649 1323 quia
675 1289 785 1311 unam
813 1276 983 1311 eamdem
1017 1277 1245 1311 confitentur
1268 1278 1313 1311 li-

325 1332 408 1367 dem
441 1333 704 1378 christianam,
731 1342 768 1369 et
797 1335 961 1382 populus
983 1334 1162 1370 Judaieus
1187 1334 1222 1369 in
1252 1348 1314 1369 ea-

326 1391 408 1426 dem
431 1391 500 1426 lide
536 1393 750 1440 praecedens
764 1421 773 1437 ,
792 1401 827 1427 et
846 1392 993 1440 gentilis
1009 1391 1251 1440 subsequens.
1272 1396 1314 1428 Et

324 1449 474 1497 ‹piidem
495 1463 625 1486 sensus
643 1451 702 1486 liic
717 1464 784 1499 per
803 1451 929 1486 onmia
945 1450 1213 1499 approbandus
1229 1459 1284 1487 est
1301 1478 1311 1495 ‚

323 1509 410 1556 quia
431 1522 542 1544 sanus
559 1536 567 1552 ‚
588 1517 624 1545 et
645 1510 756 1558 plene
776 1509 980 1545 catholicus
998 1517 1066 1545 est.
1087 1513 1224 1545 Verum
1247 1522 1314 1545 nos

324 1567 432 1602 istum
455 1567 731 1616 approbantes,
750 1569 862 1604 alium
882 1597 890 1613 ,
909 1581 985 1604 non
1007 1576 1131 1604 autem
1150 1568 1312 1604 alienum

324 1626 359 1660 in
377 1626 446 1661 hoe
462 1635 590 1662 sancto
608 1627 810 1675 Evangelio
826 1627 1108 1676 perquiramus‘,
1125 1635 1163 1663 et
1182 1640 1315 1663 sensus

324 1685 360 1720 in
383 1699 428 1721 eo
451 1687 602 1722 moralis
619 1687 818 1723 medullam
837 1694 1114 1736 perscrutantes
1128 1714 1137 1730 ,
1157 1687 1202 1723 ad
1223 1687 1315 1723 aedi-

325 1746 536 1781 ficationem
571 1759 718 1783 morum
746 1747 992 1783 ministerium
1022 1746 1157 1794 linguae
1179 1754 1315 1782 nostrae

324 1813 600 1841 convertamus.

1378 1159 1597 1195 incedimus.
1618 1163 1711 1195 Eece
1738 1168 1810 1196 tres
1831 1161 1986 1196 virtutes
2008 1161 2153 1197 eximiae
2180 1173 2360 1209 ,quarum

1378 1217 1535 1266 primam
1567 1218 1784 1267 impendere
1801 1217 1910 1254 nobis
1937 1218 2117 1255 debemus
2132 1247 2141 1263 ,
2161 1218 2362 1255 secundam

1379 1276 1558 1324 praelatis,
1595 1278 1738 1312 tertiam
1766 1291 1857 1313 vcro
1887 1278 2069 1327 proximis
2093 1278 2241 1313 nostris.
2270 1281 2361 1314 Nam

1379 1333 1652 1370 confessionem
1679 1334 1794 1372 debes
1815 1335 1879 1371 tibi
1902 1337 1990 1385 ipsi,
2013 1345 2053 1372 ut
2078 1337 2143 1385 qui
2172 1337 2362 1386 peccando

1380 1400 1415 1427 te
1432 1392 1634 1440 inquinasti
1650 1421 1659 1437 ,
1682 1406 1750 1441 per
1764 1394 2034 1431 confessionem
2053 1404 2088 1432 te
2105 1395 2282 1432 mundes.
2299 1399 2364 1432 Se-

1378 1451 1538 1486 cundam
1567 1452 1722 1500 praelato
1752 1460 1838 1498 tuo,
1861 1461 1903 1488 ut
1928 1452 2081 1489 obedias
2109 1461 2144 1490 et
2175 1453 2367 1502 subjaceas

1378 1509 1435 1554 ei,
1469 1510 1533 1558 qui
1565 1510 1760 1558 pervigilat
1791 1511 1896 1558 quasi
1930 1511 2113 1548 rationem
2146 1511 2367 1548 redditurus

1381 1581 1448 1617 pro
1475 1568 1598 1604 anima
1620 1577 1681 1604 tua
1699 1566 1725 1604 ³.
1763 1570 1925 1605 Tertiam
1947 1583 2038 1606 vero
2065 1571 2247 1620 proximis
2268 1572 2362 1616 tuis,

1380 1635 1421 1662 ut
1449 1640 1578 1662 eorum
1602 1627 1883 1664 necessitatibus
1903 1626 2012 1676 juxta
2042 1629 2143 1665 vires
2170 1642 2364 1675 occurras,

1380 1686 1444 1722 sed
1479 1686 1656 1735 prodesse
1686 1687 1797 1722 etiam
1827 1700 1938 1737 supra
1959 1687 2056 1723 vires
2083 1696 2252 1737 exoptes.
2285 1688 2367 1724 Pri-

1381 1757 1477 1781 mam
1498 1745 1667 1794 designat
1686 1746 1919 1795 Bedrphage,
1939 1759 2022 1794 quae
2051 1749 2215 1782 Domum
2240 1746 2367 1782 buccae

1378 1812 1499 1841 sonat.
1522 1803 1733 1840 Secundam
1767 1804 1966 1849 Bethania,
1988 1818 2072 1853 quae
2099 1808 2242 1842 Domus
2270 1804 2366 1840 obe—-

378 1864 410 1898 3.
433 1866 510 1911 Ego
526 1873 618 1913 puto
639 1865 742 1913 quod
765 1864 932 1912 quotidie
960 1863 1147 1900 Dominus
1172 1876 1313 1912 appro-
1331 1866 1357 1900 C
1378 1863 1527 1899 dientiae
1547 1863 1696 1900 dicitur.
1718 1864 1879 1899 Tertiam
1899 1877 2051 1912 quoque
2073 1877 2181 1900 mons
2200 1864 2335 1901 Oliveti
2352 1891 2362 1908 ‚

327 1921 484 1969 pinquat
510 1923 716 1959 Jerusalem
741 1923 896 1958 veniens
922 1922 1158 1971 Betlipliage,
1185 1930 1222 1958 et
1243 1926 1311 1958 Be-

325 1980 458 2016 tlianiae
473 1981 518 2016 ad
540 1990 704 2018 montem
721 1981 858 2018 Oliveti
871 2009 881 2026 ,
901 1981 1051 2017 mittens
1066 1981 1101 2016 in
1119 1981 1310 2017 castellum

324 2039 426 2087 quod
461 2049 591 2076 eontra
623 2053 686 2077 eos
709 2049 764 2076 est
788 2040 885 2076 duos
912 2040 1134 2088 discipulos,
1167 2041 1231 2089 qui
1266 2040 1312 2076 ad

324 2111 407 2132 eum
430 2099 657 2146 perducant,
674 2112 786 2148 super
802 2098 902 2147 quod
919 2099 1064 2143 sedeat,
1076 2098 1307 2147 jumentum,

324 2156 387 2191 sed
405 2157 661 2206 spiritualiter.
683 2158 842 2206 Spiritus
862 2157 962 2193 enim
983 2165 1068 2193 ante
1086 2157 1217 2193 faeiem
1237 2170 1309 2193 no-

326 2224 437 2252 stram
459 2217 627 2253 Christus
643 2217 828 2254 Dominus
840 2245 850 2262 ,
867 2217 934 2253 etsi
950 2217 1196 2266 cognovimus
1212 2217 1315 2253 Chri-

325 2284 422 2311 stum
442 2276 647 2312 secundum
665 2289 829 2321 carnem,
849 2275 912 2312 sed
929 2275 1005 2323 jam
1028 2288 1128 2311 nunc
1151 2288 1225 2311 non
1246 2289 1315 2311 no-

330 2334 452 2369 vimus
477 2341 499 2369 ¹.
522 2334 684 2370 Proinde
705 2333 932 2382 quaerendus
959 2341 1015 2369 est
1031 2333 1216 2368 adventus
1235 2332 1315 2380 ejus

327 2392 372 2427 ad
395 2393 598 2428 Jerusalem
625 2393 847 2441 spiritualis,
868 2400 904 2427 et
930 2391 1031 2439 quod
1052 2391 1235 2427 hodierna
1256 2391 1315 2427 die

328 2451 659 2499 appropinquante
679 2459 849 2499 tempore
865 2458 1107 2486 sacrosancta}
1128 2450 1316 2498 passionis

328 2523 402 2545 sua¹
424 2511 507 2545 l'ecit
528 2511 564 2545 in
582 2509 748 2546 adventu
771 2522 839 2545 suo
854 2509 891 2544 in
910 2509 1115 2544 Jerusalem
1131 2537 1139 2552 ,
1158 2508 1318 2556 qualiter

328 2568 363 2603 id
396 2569 516 2605 adlmc
545 2569 714 2618 quotidie
743 2568 894 2604 actitare
922 2567 1097 2615 dignatur
1125 2567 1161 2602 in
1192 2566 1314 2603 nobis.

1378 1921 1465 1969 quia
1485 1922 1609 1956 oleum
1640 1921 1677 1956 in
1701 1922 1922 1970 Scripturis‚
1944 1930 1984 1957 ut
2003 1923 2103 1957 scitis
2119 1949 2128 1966 ,
2150 1922 2362 1958 misericor-⁷

1377 1980 1475 2016 diam
1505 1981 1717 2029 exprimere
1746 1981 1851 2016 solet.
1878 1983 2049 2023 Fratres,
2081 1980 2180 2016 unde
2209 1979 2307 2015 bella
2330 1988 2365 2015 et

1378 2039 1458 2075 lites
1477 2039 1513 2074 in
1531 2039 1665 2075 nobis?
1682 2043 1813 2075 Nonne
1830 2051 1876 2075 ex
1894 2039 2175 2087 imperfectione
2186 2038 2340 2088 propria
2353 2066 2363 2082 ‚

1377 2098 1440 2146 qui
1479 2097 1634 2134 reddere
1674 2098 1848 2133 nolumus
1864 2124 1873 2140 ,
1912 2109 1995 2144 quae
2033 2095 2214 2133 debemus
2256 2095 2367 2131 nobis

1380 2157 1484 2206 ipsis,
1500 2157 1601 2205 quod
1617 2156 1799 2205 praelatis,
1821 2156 1924 2204 quod
1945 2154 2184 2192 consortibus
2197 2154 2335 2191 nostris
2353 2155 2367 2188 Ρ

1380 2220 1471 2253 Nam
1492 2217 1521 2251 si
1540 2217 1721 2252 vellemus
1741 2215 1795 2251 ire
1809 2228 1828 2250 a
1846 2214 2060 2263 Betlipliage
2080 2213 2126 2250 ad
2143 2213 2367 2255 Jerusalem,

1382 2275 1479 2310 intra
1508 2287 1576 2310 nos
1598 2274 1795 2323 pervenire
1821 2286 2035 2322 possemus,
2056 2273 2143 2321 quia
2175 2284 2367 2320 nunquam

1382 2334 1530 2382 plenam
1551 2332 1689 2368 habere
1710 2345 1837 2380 pacem
1868 2332 2090 2381 poterimus,
2109 2330 2287 2379 quamdiu
2308 2343 2369 2365 oc-

1380 2391 1562 2426 cultantes
1581 2391 1675 2426 intra
1695 2403 1764 2425 nos
1781 2399 1923 2426 reatum
1946 2398 2112 2425 nostrum
2127 2417 2137 2433 ‚
2151 2402 2219 2438 per
2235 2402 2367 2437 puram

1382 2457 1418 2484 et
1432 2449 1608 2484 humilem
1627 2449 1898 2485 confessionem
1921 2462 1994 2484 non
2019 2448 2235 2496 detegimus.
2253 2451 2366 2484 Num-

1383 2508 1472 2557 quid
1494 2509 1698 2557 inexpertis
1726 2509 1892 2556 loquor?
1912 2511 2067 2556 Semper
2093 2519 2189 2555 pene
2216 2514 2254 2542 et
2282 2505 2368 2542 nbi-

1383 2581 1456 2616 que
1499 2567 1689 2604 remordet
1723 2567 1969 2611 conscientia‚
2004 2566 2191 2602 occultum
2228 2564 2371 2614 jugiter

331 2633 663 2676 Apprewinqucwit,
680 2636 722 2664 ut
734 2627 784 2663 ait
801 2626 1032 2675 Evangelista
1045 2655 1053 2671 ‚
1068 2628 1316 2671 Jerole-mis.
1336 2633 1368 2665 D
1386 2627 1521 2663 vulnus
1541 2627 1676 2662 mentis
1690 2627 1807 2662 oeulis
1827 2625 2029 2674 subjiciens
2043 2653 2052 2668 ‚
2074 2637 2242 2673 eamque*
2258 2637 2371 2673 super

329 2688 448 2736 Ipsius
467 2688 772 2736 appropinquare
793 2686 831 2721 in
848 2686 1120 2734 Jerosolymam
1135 2713 1144 2730 ,
1167 2684 1248 2733 ejus
1265 2693 1322 2720 est

328 2748 634 2796 appropinquare
653 2747 699 2783 ad
723 2746 897 2783 animam.
920 2749 1004 2783 Non
1026 2745 1148 2781 solum
1174 2753 1318 2790 autem,

328 2807 392 2843 sed
423 2815 460 2843 et
485 2820 593 2842 suum
628 2806 935 2855 appropinquare
956 2804 1003 2841 ad
1035 2816 1126 2848 nos,
1150 2812 1319 2839 nostrum

328 2874 383 2901 est
410 2866 714 2914 ;q›pr‹›pinquare
740 2864 785 2900 ad
807 2864 943 2913 ipsum.
973 2867 1065 2900 Nam
1093 2875 1176 2898 cum
1210 2863 1321 2911 longe

328 2924 373 2959 ab
406 2938 450 2960 eo
476 2924 666 2973 peccando
689 2924 804 2959 simus
819 2952 829 2968 ,
849 2923 1002 2972 quando
1022 2923 1054 2958 ei
1076 2922 1172 2958 bene
1192 2922 1319 2958 viven-

327 2984 376 3019 do
394 2983 825 3032 appropinquaverimus
839 3011 848 3027 ,
872 2983 939 3019 nisi
960 2982 1132 3031 primitus
1149 2982 1229 3031 ipse
1249 2995 1319 3031 ap-

327 3043 601 3091 propinquaret
621 3041 758 3078 nobis?
786 3042 888 3078 Sicut
907 3042 1006 3078 enim
1033 3041 1124 3077 dicit
1137 3045 1320 3086 Joannes,

326 3101 428 3149 quod
457 3103 536 3137 lecet·
555 3110 607 3136 est
630 3102 789 3136 charitas
802 3129 811 3145 ‚
831 3115 903 3135 mm
925 3106 1035 3148 quasi
1061 3115 1125 3135 nos
1145 3103 1324 3135 dilateri-

330 3175 408 3195 mns
423 3163 556 3206 Deum,
576 3162 644 3195 sed
655 3165 830 3208 quoniam
851 3164 928 3207 ipse
938 3162 1043 3207 prim·
1057 3162 1188 3195 dilexit
1202 3173 1265 3195 nos
1280 3165 1291 3180 ⁷·
1311 3175 1320 3196 ε

328 3220 378 3255 sic
399 3227 435 3255 et
467 3233 534 3255 nos
558 3219 682 3255 dicere
711 3231 912 3267 possumus
931 3227 966 3254 et
987 3218 1168 3255 debemus
1184 3246 1194 3263 ,
1215 3219 1320 3267 quod

380 3352 382 3361 ¹
410 3347 569 3381 11(ζο1’.ν,
596 3348 643 3374 ¹¹3.
665 3362 701 3365 --·
725 3347 939 3379 2111111111,
967 3348 1014 3373 ΙΗ.
1034 3361 1071 3364 —-
1100 3342 1217 3373 *tu-br.
1237 3353 1322 3374 xiv,

1387 2686 1504 2734 ipsius
1532 2685 1682 2721 latebris
1714 2685 1825 2721 anxie
1845 2693 1881 2720 et
1903 2685 1996 2720 dure
2028 2683 2317 2733 reprehendens.
2340 2687 2371 2719 ()

1388 2744 1525 2779 vermis
1538 2772 1548 2788 ,
1567 2745 1630 2792 qui
1648 2744 1826 2792 quamdiu
1846 2744 1960 2788 vivit,
1978 2755 2170 2791 nunquam
2195 2741 2372 2778 interiora

1386 2804 1508 2840 cordis
1523 2804 1720 2840 comedere
1735 2813 1771 2840 et
1788 2804 1986 2853 depascere
2004 2802 2162 2847 omittit,
2181 2801 2244 2850 qui
2275 2814 2372 2836 nun-

1385 2876 1497 2911 quam
1517 2864 1662 2906 vivere,
1688 2871 1724 2898 et
1745 2876 1812 2912 per
1830 2863 1899 2898 hoe
1931 2874 2122 2909 nunquam
2144 2859 2278 2896 rodere
2299 2859 2367 2895 de-

1387 2922 1494 2966 sinit,
1515 2922 1583 2957 nisi
1615 2935 1699 2957 eum
1730 2933 1908 2957 mucrone
1929 2920 2100 2970 puritatis
2117 2931 2193 2955 suae
2223 2918 2374 2954 humilis

1387 2982 1571 3018 consessio
1585 2980 1816 3029 jugulaverit
1833 2983 1839 3016 !

1442 3053 1476 3075 a.
1494 3040 1528 3076 Si
1546 3048 1668 3076 autem
1688 3040 1871 3075 vellemus
1893 3038 1945 3074 ire
1965 3037 2011 3074 ad
2029 3036 2268 3079 Bethaniam,
2287 3048 2373 3084 per-

1391 3100 1533 3148 tingere
1560 3111 1754 3148 possemus
1773 3098 1818 3134 ad
1844 3098 2068 3141 Jerusalem,
2091 3104 2127 3131 et
2146 3095 2185 3130 in
2214 3094 2374 3143 praelatis

1390 3159 1552 3204 nostris;
1583 3158 1669 3207 quia
1695 3165 1782 3193 tunc
1808 3156 1854 3192 ab
1874 3157 1927 3192 eis
1951 3155 2159 3204 perniciose
2189 3152 2375 3189 discorda·

1390 3231 1471 3255 mus
1485 3246 1493 3262 ,
1514 3230 1597 3254 cum
1615 3229 1745 3253 eorum
1762 3245 1771 3262 ,
1788 3228 1870 3265 quae
1893 3214 2100 3251 secundum
2132 3216 2250 3249 Deum
2268 3219 2373 3255 511111,

1347 3345 1395 3372 17.
