2504 3928
303 200 371 236 791

298 284 383 310 rant
398 279 492 310 iram
509 278 578 310 Dei
596 281 618 308 ¹.
642 274 735 310 Boni
756 275 854 310 enim
873 274 942 310 viri
961 275 1132 312 timentes
1150 280 1284 322 Deum,

302 336 338 371 id
373 336 494 384 ipsum
529 335 631 383 quod
664 347 743 370 essc
772 344 1010 380 meruerunt,
1042 336 1158 374 videri
1193 339 1292 374 resu-
1312 342 1340 374 A
1359 335 1591 371 reducuntur
1619 348 1625 368 :

300 395 416 442 giunt.
455 397 549 429 Sane
572 395 650 429 laus
671 393 832 430 humana
853 393 973 430 bonos
993 396 1149 440 cruciat,
1176 398 1293 433 malos

305 455 479 489 laetitieat.

355 514 416 548 36.
445 512 651 561 Dupliciter
671 521 793 549 autem
815 513 1040 550 damnantur
1061 515 1289 564 hypocritae:

303 572 381 608 sive
422 584 491 621 pro
523 572 666 607 occulta
702 571 919 620 iniquitate,
949 573 1028 609 sive
1060 586 1130 623 pro
1163 582 1290 623 aperta

303 630 551 668 simulatione.
570 634 662 667 Nam
683 644 758 667 non
777 644 925 681 semper
944 632 1058 668 latent
1074 633 1288 682 hypocritae.

302 693 423 727 Omne
452 690 638 726 sincerum
667 699 874 740 permanet.
899 695 990 728 Nam
1010 705 1094 740 quae
1120 692 1291 729 simulata

303 757 412 793 sunt,
433 748 609 786 diuturna
627 763 706 786 csse
723 763 797 786 non
814 759 983 799 possunt.
1002 751 1217 801 llypocritae
1235 752 1287 787 l'o-

301 808 351 845 ris
371 808 539 853 candidi,
560 809 660 845 intus
686 809 839 846 sordidi.
865 814 1021 847 Amator
1039 823 1145 846 vanae
1160 811 1288 859 gloriae

301 867 400 904 unde
431 868 547 916 possit
578 867 722 904 laudari
759 880 868 916 agere
897 881 974 905 non
997 869 1165 918 quiescit.
1188 873 1290 907 Non-

302 927 394 962 nulli
412 927 499 963 salsa
516 927 695 976 opinione
715 927 934 975 arrogantiae
950 940 989 963 se
1009 928 1194 976 perfectos
1210 940 1289 964 esse

300 985 535 1030 existimant,
555 986 644 1022 dum
663 999 739 1022 non
761 994 849 1023 sunt
876 1000 884 1022 ε
915 987 979 1036 qui
996 986 1140 1024 obortis
1163 995 1288 1024 tenta-

302 1043 466 1081 tionibus
504 1045 759 1082 innotescunt.
801 1049 919 1082 Tanto
953 1046 1036 1095 quis
1068 1047 1107 1082 fit
1143 1047 1289 1083 veritati
1312 1044 1338 1077 Β

301 1102 478 1149 vicinior,
495 1113 636 1152 quanto
653 1117 691 1140 se
710 1105 856 1154 longius
875 1117 954 1141 esse
970 1103 1017 1140 ab
1034 1118 1076 1140 ea
1094 1105 1206 1141 suerit
1227 1119 1290 1142 ar-

298 1159 470 1198 bitratus.
504 1166 566 1198 Est
591 1163 780 1200 humilitas
806 1163 1015 1200 formidinis
1047 1172 1084 1200 et
1114 1165 1291 1213 ignoran-

304 1219 384 1263 tiae,
406 1234 490 1269 quae
511 1234 585 1256 non
605 1230 660 1258 est
680 1222 789 1258 laude
809 1222 933 1271 digna.
956 1224 1161 1272 Hypocrita
1178 1223 1292 1260 verba

302 1287 515 1316 sanctorum
531 1280 644 1317 habet
658 1310 666 1326 ,
687 1282 800 1317 vitam
818 1294 893 1317 non
912 1281 1022 1317 habet
1041 1296 1048 1316 :
1069 1282 1128 1318 cui
1142 1295 1292 1331 semper

295 1336 475 1385 jactantia
503 1340 653 1386 oculos,
693 1340 830 1389 quibus
868 1344 970 1377 Deus
999 1341 1118 1376 videri
1148 1350 1290 1390 potest,

301 1395 451 1432 claudit.

354 1454 416 1489 37.
444 1454 621 1503 Superbis
651 1464 687 1490 et
717 1455 924 1491 libidinosis
954 1457 1038 1505 plus
1074 1455 1290 1493 dominatur

303 1511 487 1548 diabolus.
509 1517 706 1550 Transaeta
725 1514 840 1549 libido
860 1527 1008 1563 semper
1031 1515 1087 1551 sui
1114 1515 1292 1564 relinquit

300 1571 587 1618 poenitudinem.
616 1575 814 1621 Nunquam
845 1573 1016 1618 satiatur,
1047 1582 1083 1609 et
1109 1574 1291 1610 exstincta

300 1630 568 1666 reaccenditur.
592 1635 655 1667 Vae
673 1632 725 1667 illi
748 1633 811 1680 qui
834 1641 921 1668 tunc
938 1632 1070 1669 habuit
1088 1634 1289 1671 terminum

301 1689 476 1733 luxuriae,
496 1691 649 1738 quando
671 1691 774 1727 vitae!
788 1692 924 1728 Vinum
946 1701 1076 1728 contra
1096 1701 1290 1742 potantem

301 1749 409 1795 l'acit3
440 1750 526 1798 quia
558 1759 755 1799 postquam
790 1753 1023 1798 surrexerit,
1054 1765 1175 1801 neque
1206 1766 1289 1802 pes,

949 202 1229 237 TRACTATL‘S
1259 202 1322 236 ΒΕ
1351 200 1536 235 ORDINE
1566 199 1703 234 VITAE.

1298 275 1346 293 nn

2271 201 2345 239 792

1362 284 1461 321 tunt,
1487 283 1590 311 tanto
1609 275 1812 324 proclivius
1825 274 1871 311 ad
1891 275 2021 312 mundi
2040 288 2203 313 amorem
2221 278 2345 314 denuo

1658 347 1702 369 ex
1730 333 1867 382 quibus
1891 334 1953 370 alii
1980 334 2148 383 corporis
2171 335 2346 385 volupta—

1359 403 1453 436 tem,
1481 393 1541 428 alii
1569 393 1750 428 honorem
1779 393 1988 441 requirunt.
2010 392 2081 429 Sed
2107 393 2171 441 qui
2199 392 2245 429 ad
2277 394 2347 430 hoc

1357 453 1680 489 conversationem
1714 453 1918 488 sanctitatis
1947 452 2170 501 praetendit‚
2201 461 2242 488 ut
2265 453 2346 489 aliis

1356 511 1583 561 quandoque
1616 523 1774 560 prrecsse
1795 510 2003 556 desiderct;
2027 511 2094 548 iste
2126 524 2202 547 non
2232 511 2346 548 disci-

1356 572 1466 620 pulus
1500 571 1659 614 Christi,
1688 569 1753 606 scd
1783 570 1977 619 pravitatis
2014 577 2173 606 sectator
2204 570 2344 607 existit.

1356 634 1467 667 Ferre
1492 631 1591 667 enim
1621 642 1791 674 crucem,
1822 637 1859 665 et
1887 642 1962 664 non
1986 629 2103 672 mori,
2133 629 2347 678 hypocrita·

1357 703 1437 725 mun
1452 699 1517 726 est.
1536 690 1602 726 Ille
1619 697 1741 725 autem
1757 689 1874 737 quise
1892 701 1961 737 pro
1976 691 2057 724 Deo
2075 687 2220 724 duritiae
2236 687 2348 724 tradit

1357 748 1644 793 monachorum,
1674 746 1843 783 assiduus
1863 746 1973 783 debet
1998 760 2077 783 esse
2099 746 2136 782 in
2157 747 2346 783 orationi—

1356 805 1446 852 bus,
1470 808 1650 856 lacrymas
1670 819 1753 843 suas
1774 810 1877 852 Deo,
1898 819 1974 842 non
1996 805 2212 842 hominibus
2232 806 2348 843 osfer-

1355 879 1394 901 re
1411 880 1420 910 3
1436 865 1582 914 jejunia
1598 867 1635 901 in
1651 866 1789 915 aurigae
1810 865 1963 902 modum
1985 878 2055 914 pro
2077 864 2292 902 lassitudine
2311 873 2348 903 et

1355 924 1498 961 viribus
1519 925 1690 974 corporis
1711 933 1934 973 temperare.

1698 1055 1873 1094 CAPUT
1902 1056 1998 1093 XII.

1404 1170 1556 1201 Excitatio
1579 1171 1702 1211 juvenis
1729 1169 1877 1211 Religiosi
1893 1169 1932 1200 ad
1951 1169 2073 1200 virtutis
2101 1170 2159 1200 iter
2180 1175 2307 1200 strenue

1736 1222 1970 1265 capessendum.

1409 1340 1470 1376 39.
1493 1343 1734 1389 Quapropter
1759 1354 1834 1377 non
1860 1341 1982 1390 pigeat
2005 1349 2062 1384 te,
2093 1339 2193 1377 bone
2213 1341 2346 1386 frater,

1356 1406 1537 1445 quantum
1582 1407 1687 1446 potes
1721 1398 1863 1434 actibus
1907 1399 2044 1435 sanctis
2077 1400 2273 1445 insistere,
2307 1408 2350 1436 ut

1355 1456 1493 1492 laboris
1526 1457 1578 1492 tui
1615 1458 1756 1493 fructus
1782 1458 2009 1506 quandoque
2046 1459 2166 1507 possis
2203 1459 2349 1508 recipe—

1351 1526 1403 1549 re.
1437 1518 1518 1551 Hoc
1546 1516 1666 1551 solum
1693 1516 1843 1551 attende
1874 1516 1976 1564 quod
2004 1518 2207 1553 monachus
2233 1518 2351 1554 sactus

1356 1587 1394 1609 cs
1411 1588 1420 1618 3
1445 1583 1480 1609 et
1500 1574 1584 1609 ideo
1612 1588 1653 1610 ea
1677 1587 1742 1623 age
1758 1588 1841 1624 qum
1862 1576 2033 1611 monachi
2050 1584 2148 1612 sunt.
2167 1579 2269 1613 Inter
2285 1589 2351 1612 eos

1356 1646 1441 1669 cum
1477 1633 1615 1682 quibus
1653 1635 1748 1670 vivis
1779 1643 1918 1671 sectare
1955 1636 2141 1671 meliores.
2178 1638 2220 1672 In
2245 1635 2349 1672 omni

1355 1693 1471 1741 gradu
1492 1701 1529 1729 et
1549 1693 1680 1730 ordine
1699 1694 1850 1743 optimis
1866 1694 2050 1743 permixta
2070 1703 2156 1730 sunt
2174 1694 2347 1743 pessima.

1355 1754 1554 1789 Animosos
1583 1766 1690 1789 senes
1720 1762 1757 1789 et
1789 1754 2017 1802 pertinaces,
2047 1766 2142 1802 quos
2172 1753 2277 1789 vides
2306 1754 2346 1790 in

299 1819 422 1856 neque
449 1822 580 1845 manus
602 1823 709 1846 sunm
735 1810 899 1846 osticium
927 1819 1078 1856 tenent,
1102 1820 1138 1847 et
1167 1813 1289 1848 omnis
1311 1820 1336 1855 C
1356 1812 1412 1848 his
1433 1811 1625 1848 abundare
1644 1812 1864 1861 periculosis
1883 1811 2134 1861 temporibus,
2162 1813 2238 1848 noli
2262 1813 2350 1848 imi-

298 1865 379 1913 ejus
399 1867 618 1904 exhilaratio
639 1869 798 1905 vertitur
823 1870 860 1905 in
882 1870 1040 1906 ruinam.
1068 1871 1132 1906 Vir
1153 1884 1289 1920 super-

299 1925 368 1961 bus
384 1939 451 1963 nec
468 1927 727 1974 decorabitur,
747 1942 816 1965 nec
835 1929 1067 1965 voluntatem
1086 1943 1189 1966 suam
1208 1943 1290 1980 per—

299 1984 409 2021 ducet
429 1986 474 2022 ad
497 1989 622 2023 linem.
643 1990 798 2037 Semper
819 1988 919 2024 enim
940 1989 1170 2025 conscientia
1192 1990 1289 2026 servi

297 2045 364 2080 Dei
381 2045 531 2082 humilis
547 2046 658 2083 debet
680 2060 759 2083 esse
781 2056 817 2083 et
841 2047 954 2083 tristis
971 2063 978 2084 :
998 2049 1135 2084 scilicet
1162 2057 1202 2084 ut
1222 2062 1290 2098 per

299 2102 544 2141 humilitatem
565 2118 640 2142 non
666 2105 879 2156 superbiat,
900 2115 936 2143 et
956 2120 1023 2156 per
1044 2108 1173 2144 utilem
1196 2122 1290 2144 moe-

299 2176 421 2200 rorem
443 2178 508 2201 cor
527 2165 572 2201 ad
591 2166 776 2202 lasciviam
799 2179 873 2202 non
893 2166 1084 2203 dissolvat.
1114 2168 1183 2204 Dei
1207 2181 1289 2204 ser-

298 2235 388 2258 vum
411 2224 490 2260 sine
511 2225 788 2261 intermissione
818 2226 938 2276 legere
953 2254 961 2270 ,
985 2240 1115 2272 orare,
1137 2236 1173 2263 et
1195 2240 1290 2276 ope-

300 2282 372 2317 rari
409 2292 576 2331 oportet,
613 2297 659 2319 ne
693 2285 787 2320 forte
816 2293 976 2320 mentem
1015 2286 1092 2321 otio
1126 2285 1289 2322 deditam

298 2341 388 2376 vitia
418 2341 486 2377 sibi
519 2352 795 2392 prfeoccupent.
826 2347 931 2380 Mens
967 2349 1048 2381 Deo
1089 2345 1208 2381 dicata
1239 2346 1291 2381 sic

299 2409 426 2436 caveat
447 2401 591 2437 minora
611 2402 699 2437 vitia
714 2431 723 2446 ,
745 2410 783 2437 ut
804 2402 966 2450 majora;
989 2403 1076 2451 quia
1091 2416 1110 2438 a
1127 2404 1291 2440 minimis

299 2459 506 2508 incipiunt,
529 2460 647 2508 quiin
672 2461 833 2496 maxima
854 2470 1055 2509 proruunt.
1081 2462 1174 2498 Satis
1195 2461 1291 2497 deli-

301 2527 380 2554 catc
401 2531 439 2555 se
460 2520 609 2569 palpat,
631 2520 694 2568 qui
713 2520 792 2555 vult
812 2520 890 2556 sine
908 2520 1037 2556 labore
1058 2533 1194 2568 magno
1213 2529 1293 2557 stu-

1357 1871 1438 1907 tari.
1460 1875 1582 1907 Mores
1605 1872 1794 1920 vitamque
1815 1872 1964 1907 illorum
1985 1872 2068 1921 suge
2083 1900 2092 1916 ‚
2113 1885 2159 1907 ne
2183 1871 2250 1908 tibi
2273 1872 2348 1908 sint

1355 1931 1393 1967 in
1411 1931 1585 1979 laqueum
1603 1939 1640 1967 et
1660 1931 1820 1967 ruinam.
1838 1934 1868 1968 Ο
1888 1944 1998 1979 quam
2021 1931 2158 1967 multos
2183 1944 2289 1968 senes
2312 1940 2350 1968 et

1351 1988 1497 2037 judices
1525 1990 1637 2026 Israel
1661 1990 1820 2039 turpiter
1846 1990 1958 2025 vitam
1987 2002 2090 2025 suam
2122 1990 2350 2039 negligentes

1356 2063 1420 2085 rex
1444 2048 1645 2098 Babylonis
1672 2049 1710 2085 in
1732 2057 1829 2085 terra
1848 2049 2073 2098 captivitatis
2097 2057 2134 2085 et
2156 2049 2348 2086 confusio-

1356 2109 1413 2145 nis
1430 2108 1615 2157 possidet3
1633 2116 1669 2144 et
1688 2121 1800 2156 quam
1822 2108 1929 2143 multi
1941 2106 2100 2156 juvenes
2117 2107 2248 2157 spiritu
2276 2107 2350 2144 fen-

1356 2176 1503 2213 ventes,
1529 2168 1691 2204 Domino
1711 2168 1937 2213 servientes,
1959 2167 2036 2203 vim
2059 2167 2203 2204 faciunt
2225 2168 2320 2204 coelo
2336 2196 2347 2213 ‚

1357 2227 1517 2274 totisque
1557 2226 1699 2262 viribus
1736 2225 1807 2262 sibi
1835 2226 2018 2275 diripiunt
2045 2225 2163 2262 illud!
2197 2226 2348 2264 Utinam

1357 2285 1489 2320 talium
1530 2284 1716 2333 praeconia
1745 2283 1929 2332 juvenum
1968 2284 2086 2320 nostri
2115 2285 2352 2320 imitarentur

1356 2356 1464 2379 senes
1477 2371 1485 2387 ,
1506 2351 1545 2378 ut
1565 2356 1706 2378 annosa
1723 2342 1896 2378 redderet
1918 2351 2084 2387 senecta,
2101 2342 2203 2391 quod
2222 2351 2349 2379 tenera

1357 2402 1427 2437 sert
1459 2410 1593 2450 sponte
1622 2401 1889 2437 adolescentia!
1919 2401 1954 2438 Si
1987 2409 2028 2436 tu
2057 2401 2113 2437 vis
2141 2402 2346 2450 prolicere,

1357 2474 1434 2496 non
1470 2461 1643 2510 respicias
1673 2461 1762 2509 quid
1792 2461 1877 2497 mali
1905 2461 2040 2497 saciant
2060 2461 2143 2506 alii,
2171 2461 2234 2497 sed
2256 2461 2348 2511 quid

1358 2520 1447 2556 boni
1465 2521 1542 2570 ipse
1560 2521 1678 2556 facere
1696 2519 1844 2556 debeas.
1870 2524 2004 2557 Nonne
2029 2520 2150 2556 cernis
2180 2522 2351 2571 negotia-

301 2578 438 2626 dioquc
455 2580 637 2615 continuo
655 2580 713 2615 vel
732 2580 819 2615 vitia
834 2592 1032 2628 superare,
1053 2580 1112 2614 vel
1132 2580 1290 2615 virtutes
1307 2593 1339 2627 Ι)
1360 2587 1457 2615 tores
1483 2589 1519 2615 et
1545 2580 1678 2615 milites
1711 2580 1828 2616 multa
1851 2580 2033 2615 sustinere
2054 2580 2233 2628 pericula,
2249 2587 2291 2615 ut
2305 2580 2352 2616 ad

300 2638 504 2686 acquirere.
542 2639 675 2675 Anima
714 2647 837 2674 autem
875 2639 973 2675 mole
1010 2638 1131 2675 carnis
1164 2652 1290 2688 pressa

300 2697 396 2733 sicut
428 2697 577 2734 ‹lislicile
605 2698 650 2734 ad
684 2698 839 2734 virtutes
867 2699 1004 2747 surgit,
1031 2699 1080 2734 ita
1114 2699 1218 2735 facile
1250 2699 1288 2735 in

299 2757 388 2792 vitia
411 2757 530 2803 cadit,
552 2759 637 2806 quia
663 2758 729 2794 ista
751 2758 787 2793 in
812 2758 887 2794 imo
908 2766 1016 2803 sunt,
1042 2758 1116 2793 illae
1135 2770 1226 2795 vero
1253 2759 1290 2794 in

299 2829 444 2852 summa
461 2829 545 2853 arce
563 2817 786 2853 consistunt.

365 2877 424 2912 38.
458 2877 627 2925 Denique
659 2877 854 2921 nonnulli,
889 2876 975 2925 quia
1010 2889 1086 2912 non
1118 2889 1188 2926 pro
1222 2877 1290 2913 Dei

301 2949 428 2971 amore
449 2937 585 2972 saeculo
606 2936 837 2979 renuntiant,
860 2935 1032 2972 laborare
1052 2949 1127 2972 non
1147 2945 1290 2972 curant.

304 2996 452 3030 {Itinam
474 2995 574 3043 quod
599 2995 779 3030 mundum
802 2995 1067 3044 relinquimus,
1087 2996 1292 3032 voluntatis

301 3053 372 3097 sit,
395 3065 469 3087 uon
500 3054 737 3088 necessitatis.
762 3054 833 3100 Qui
859 3054 957 3089 enim
987 3067 1062 3089 non
1086 3053 1205 3102 rigida
1229 3054 1290 3089 in-

303 3111 469 3147 tentione
488 3112 658 3147 monachi
671 3114 942 3162 professionem
962 3122 1292 3162 sectantur,quan-

297 3180 333 3205 to
363 3172 514 3220 superni
542 3173 680 3207 amoris
709 3174 944 3222 propositum
973 3173 1153 3210 dissolute
1173 3186 1290 3223 appe-

346 3298 431 3327 'J'ub
452 3309 573 3329 χχιιι.
601 3304 649 3329 115v

1356 2638 1518 2675 incertos
1548 2639 1712 2675 honores
1739 2648 1775 2676 et
1809 2639 1994 2688 perituras
2020 2638 2168 2676 divitias
2207 2652 2351 2689 perve-

1357 2698 1488 2733 niant?
1515 2699 1577 2735 Isti
1607 2699 1750 2748 quippe
1775 2707 1924 2734 servant
1948 2712 2032 2734 cum
2060 2699 2194 2736 animze
2215 2699 2347 2736 discri—

1358 2758 1475 2803 mine,
1497 2771 1580 2806 qum
1603 2771 1686 2793 cum
1708 2757 1881 2807 pluribus
1911 2757 2216 2794 tribulationibus
2238 2757 2340 2794 inve·

1358 2817 1479 2852 niunt.

1423 2876 1486 2912 40.
1502 2875 1600 2922 Quid
1613 2888 1702 2925 ergo
1720 2875 1786 2911 tibi
1799 2905 1808 2921 ,
1826 2876 1898 2920 (lic,
1917 2888 2028 2923 rogo,
2045 2874 2257 2912 faciendum
2274 2884 2346 2922 est,

1358 2935 1421 2983 qui
1444 2934 1605 2970 venditis
1625 2934 1801 2970 omnibus
1822 2935 2022 2984 pretiosam
2044 2935 2180 2983 quaeris
2201 2947 2350 2983 marga-

1358 2995 1485 3039 ritam,
1503 3002 1540 3029 et
1565 3002 1731 3043 emptum
1756 2993 1869 3030 habes
1889 3006 2016 3043 agrum
2035 3021 2044 3038 ,
2065 2993 2129 3029 nbi
2153 2993 2347 3029 thesaurus

1357 3054 1466 3099 latet,
1484 3066 1594 3102 quem
1614 3054 1672 3088 fur
1696 3054 1842 3089 auferre
1861 3066 1935 3088 non
1956 3054 2105 3101 potest?
2122 3055 2277 3089 Necesse
2292 3060 2348 3089 est

1359 3112 1423 3149 tibi
1453 3125 1584 3149 omnes
1612 3112 1762 3148 insidias
1791 3124 2000 3160 praecavere
2026 3111 2206 3156 sollicite,
2236 3124 2281 3147 ne
2316 3112 2346 3148 si

1361 3173 1503 3209 ruinam
1529 3184 1656 3221 passus
1684 3172 1813 3216 fucris,
1844 3184 1912 3220 pro
1937 3171 2053 3219 gloria
2076 3170 2211 3206 habeas
2239 3171 2346 3218 igno-
