2504 3928
294 242 302 273 Ι
315 238 386 274 207

1093 242 1156 276 OG
1165 242 1262 276 Eml
1293 240 1455 276 SERMO
1485 243 1511 275 V

284 328 362 351 mos
385 323 506 350 tamen
529 315 565 350 in
583 327 710 350 amore
727 314 932 350 continent.
950 315 1008 351 sic
1034 324 1070 351 et
1092 316 1313 353 Dominus-⁰¹

2239 243 2338 279 1203

1329 316 1474 359 'suuul‚
1495 316 1528 350 iu
1551 327 1661 351 cruce
1684 322 1901 358 extensum,
1925 315 2035 351 morti
2054 316 2239 363 vicinum,
2265 319 2340 354 imo

286 381 412 408 noster
434 386 522 408 suos
549 373 752 421 discipulos
777 373 911 410 liliolus
936 375 1154 424 appellarit,
1183 389 1279 424 quos
1302 375 1328 407 Λ
1349 377 1526 412 inclinato
1556 374 1676 423 rapite
1706 374 1852 411 tradere
1877 375 2063 424 spiritum.
2093 376 2195 412 Istud
2216 378 2340 413 modi-

287 434 406 468 iturus
431 432 476 467 ad
505 436 648 468 l‘atrcin
671 446 746 468 non
767 433 923 468 minimo
944 433 1132 470 charitatis
1148 435 1281 471 affectu

286 490 426 525 dilexit.
448 491 604 526 Multum
634 504 698 527 cos
719 491 913 540 diligebat,
935 505 1029 541 qnos
1049 492 1126 541 jani
1148 493 1281 530 liliolus

287 549 513 598 appellabat.

339 611 373 644 Γ),
403 610 474 656 Qui
497 609 566 653 ait,
590 611 775 645 Modicum
797 619 939 659 tempus
964 611 1150 647 vobiscum
1171 625 1249 647 sum
1271 626 1281 646 .-

286 668 355 703 boc
372 676 446 711 est,
466 669 653 705 modicum
673 669 763 706 illud
780 678 926 719 teinpus
942 683 1018 718 quo
1034 671 1070 706 in
1086 670 1152 706 hac
1170 684 1282 707 carnc

287 728 434 763 mortali
465 727 660 764 vobiscum
682 742 781 774 sum,
805 738 1027 778 pra‘scnteni
1049 743 1202 772 cernere
1224 743 1281 766 inc

285 787 450 835 potestis.
476 787 547 823 Sed
576 788 699 823 tollam
719 788 839 824 crucis
859 788 1091 837 patibulum,
1111 789 1183 824 cito
1204 790 1280 825 sol-

286 858 368 881 xain
403 847 534 882 mortis
566 847 778 896 imperium.
808 848 890 885 Cito
919 848 1043 883 veniet
1072 856 1217 897 tenipus
1245 857 1280 884 ct

287 903 396 949 bora,
414 918 487 953 qua
501 904 577 953 jam
597 919 671 941 uon
689 919 758 955 pro
775 906 926 942 homine
943 906 1072 942 videar
1088 907 1252 955 reputari
1271 922 1278 944 :

285 962 348 998 sed
368 976 433 998 cro
456 972 631 1012 tanquam
652 965 899 1014 opprobrium
921 966 1137 1010 bominum,
1159 974 1195 1002 et
1215 965 1281 1002 ab-

280 1020 398 1068 jectio
429 1022 558 1071 plebis.
589 1027 692 1059 Tunc
718 1025 894 1073 quaerctis
922 1038 1001 1069 nie,
1033 1025 1191 1073 cupietis
1223 1038 1281 1061 nie

1348 449 1451 477 cum,
1485 434 1643 471 Domine
1673 437 1779 479 Jesu,
1803 446 1969 470 amarum
2002 434 2088 479 tibi,
2113 443 2149 471 ct
2172 449 2338 472 amarum

1347 493 1569 529 dulcissima:
1593 493 1699 528 Matri
1722 501 1810 534 tuzc,
1834 493 1973 529 utinam
1991 506 2157 529 amarum
2179 495 2229 529 sic
2246 504 2342 531 essct.

1348 553 1458 596 milii,
1479 560 1519 587 ut
1548 552 1584 587 in
1613 552 1683 588 isto
1711 551 1859 587 modico
1890 552 2037 588 fuissem
2056 551 2164 601 juxta
2192 566 2339 590 crucem

1347 612 1497 648 Domini
1517 611 1607 655 mei,
1628 619 1667 646 ut
1681 624 1792 659 quem
1809 611 1931 647 adbuc
1951 611 2080 648 videre
2095 625 2170 648 non
2188 625 2339 661 possum

1348 684 1430 706 cum
1456 674 1563 706 Patre
1582 678 1813 715 manentem,
1832 670 1960 706 saltem
1985 671 2021 706 in
2044 684 2153 707 cruce
2176 672 2339 720 positum

1348 738 1537 765 mortuum
1569 729 1697 765 videre
1732 729 1965 765 meruissem.
1994 730 2097 766 Istud
2125 730 2340 776 modicum,

1347 801 1458 836 quani
1484 787 1589 832 felix,
1613 800 1724 836 quani
1747 786 1981 835 jucundum,
2001 801 2110 837 quam
2136 788 2339 836 gloriosum

1347 848 1410 883 suit
1432 848 1481 883 illi
1504 847 1658 892 latroni,
1676 847 1740 895 qui
1763 847 1799 882 in
1816 847 1881 883 illo
1903 846 2051 883 modico
2070 847 2206 883 uicruit
2223 860 2242 883 a
2260 850 2339 884 Do-

1348 907 1449 942 mino
1476 920 1544 943 suo
1574 906 1703 942 audire
1724 920 1731 941 :
1755 908 1877 941 Hodie
1899 920 2036 942 mecum
2063 911 2132 942 eris
2158 911 2194 941 in
2217 920 2340 954 para—

1347 967 1425 1000 diso
1440 964 1470 1000 ³!
1495 970 1526 1001 0
1549 978 1623 1001 vox
1651 965 1789 1010 dulcis,
1807 978 1829 999 o
1848 978 1922 1001 vox
1943 965 2172 1002 delectabilis
2192 980 2199 1001 :
2224 968 2342 1001 Hodie

1347 1038 1488 1060 mecum
1511 1029 1582 1060 eris
1601 1030 1639 1060 in
1654 1027 1862 1073 paradiso!
1881 1028 1911 1061 O
1938 1025 2099 1061 Domine
2124 1028 2230 1070 Jesu,
2251 1025 2342 1074 quid

286 1081 391 1129 sequi
409 1095 415 1116 τ
436 1081 500 1118 sed
527 1083 660 1119 timore
688 1083 819 1119 mortis
841 1083 1026 1132 percussi,
1048 1083 1214 1119 nonduin
1236 1098 1280 1120 ux
1303 1088 1327 1122 B
1347 1083 1510 1129 dulcius,
1549 1084 1638 1133 quid
1678 1083 1953 1129 delectabilius,
1986 1084 2078 1133 quid
2109 1084 2316 1133 jucundius
2331 1113 2340 1128 ‚

287 1142 362 1177 alto
392 1143 542 1179 virtutis
572 1143 710 1188 induti,
743 1144 903 1180 animani
937 1153 1096 1180 vestram
1127 1157 1195 1193 pro
1224 1157 1282 1180 me

286 1213 428 1249 ponere
453 1215 528 1237 non
553 1203 734 1251 poteritis.
757 1207 799 1239 Et
820 1203 890 1239 boc
911 1211 966 1239 cst
985 1203 1087 1251 quod
1108 1203 1244 1240 dicitur
1271 1217 1278 1239 :

290 1260 370 1303 Quo
389 1274 454 1307 (ζμ)
476 1263 589 1304 vado,
609 1263 769 1296 noudum
782 1266 935 1309 potestis
951 1276 1009 1297 me
1029 1265 1135 1297 modo
1154 1266 1260 1309 sequi
1272 1277 1283 1297 .-

286 1325 320 1352 ct
339 1327 393 1354 est
411 1331 562 1363 sensus,
580 1319 684 1355 vado
701 1320 746 1355 ad
765 1324 931 1365 Patrem,
948 1320 1011 1356 scd
1030 1333 1097 1369 per
1115 1322 1282 1356 foramen

285 1389 391 1420 acus,
408 1390 476 1426 per
490 1378 680 1426 angustias
696 1378 898 1426 passionis,
916 1391 985 1427 per
1008 1378 1158 1414 dolores
1177 1392 1282 1414 mor-

287 1434 345 1469 tis.
370 1434 441 1471 Sed
463 1448 539 1470 non
561 1436 717 1484 potestis
738 1449 797 1471 me
819 1436 933 1471 modo
951 1437 1076 1484 sequi,
1097 1436 1185 1485 quia
1213 1449 1283 1485 pa-

283 1492 360 1528 vidi
388 1502 423 1529 et
451 1493 589 1538 timidi,
618 1495 732 1530 veluti
767 1495 865 1531 liaedi
893 1495 929 1531 in
957 1495 1052 1532 lacte
1084 1496 1211 1532 matris
1235 1496 1280 1532 ad

287 1552 560 1589 immolandum
584 1553 752 1589 nondum
774 1554 901 1590 idonei
923 1568 930 1590 z
952 1554 1016 1590 sed
1036 1555 1162 1591 veniet
1184 1563 1281 1591 tem-

283 1624 354 1660 pus
383 1620 420 1648 et
448 1612 562 1657 hora,
594 1612 732 1662 quibus
763 1613 913 1662 penitus
943 1614 1076 1650 timore
1105 1616 1279 1664 expulso,

286 1683 361 1705 non
380 1671 502 1707 solum
519 1673 639 1708 crucis
657 1673 883 1722 supplicium
896 1702 905 1717 ‚
923 1673 988 1710 sed
1004 1674 1106 1722 quod
1123 1675 1283 1724 nequius

285 1731 424 1778 poterit
444 1732 648 1779 excogitari
668 1741 917 1779 tormentum,
934 1747 1062 1770 amore
1087 1735 1159 1771 mei
1179 1735 1283 1771 eritis

286 1787 414 1825 subire
443 1791 576 1838 parati.
607 1794 737 1827 Filmli
757 1797 849 1836 mei,
872 1794 992 1828 adhuc
1010 1795 1190 1829 modicum
1215 1807 1282 1829 vo-

1347 1155 1458 1190 quam
1485 1155 1564 1179 esse
1591 1152 1712 1178 tecum
1743 1143 1779 1178 in
1807 1143 2006 1192 paradiso?
2032 1143 2129 1180 Nihil
2158 1156 2339 1192 prorsus,

1349 1202 1497 1250 penitus
1520 1202 1621 1237 nibil.
1643 1202 1741 1250 Quid
1768 1215 1858 1252 crgo
1891 1202 2031 1248 dicam,
2061 1202 2151 1251 quid
2182 1202 2310 1238 faciam
2328 1230 2338 1247 ,

1348 1260 1412 1307 qui
1444 1260 1565 1296 adbuc
1600 1261 1636 1296 in
1678 1260 1789 1309 liujus
1823 1261 2134 1310 peregrinationis
2176 1273 2340 1297 aerumna

1349 1318 1594 1363 constitutus,
1619 1327 1691 1354 tam
1708 1319 1818 1368 longe
1835 1320 1964 1355 exsulo
1984 1332 2002 1355 a
2021 1318 2163 1355 deliciis
2181 1318 2341 1368 paradisi

1348 1376 1415 1412 Dei
1437 1377 1508 1412 mci
1521 1378 1535 1411 P
1549 1380 1579 1413 O
1600 1376 1697 1412 bone
1714 1381 1801 1413 Jcsu
1815 1405 1824 1421 ,
1842 1386 1922 1413 esto
1942 1378 2028 1413 mibi
2046 1382 2166 1415 Jesus.
2186 1377 2338 1421 Recole,

1348 1434 1530 1479 Salvator,
1565 1435 1657 1483 quid
1686 1443 1723 1470 ct
1756 1443 1912 1484 propter
1938 1435 2029 1484 quid
2064 1448 2194 1484 passus
2224 1448 2283 1479 05,
2306 1444 2343 1472 et

1348 1494 1524 1529 miserere
1561 1494 1645 1530 inei.
1675 1497 1760 1543 Ipsa
1791 1502 1826 1530 te
1858 1503 1965 1543 cogat
1997 1494 2135 1543 pictas,
2171 1502 2212 1530 ut
2246 1494 2343 1530 mala

1348 1561 1476 1589 nostra
1508 1566 1661 1603 superes
1688 1553 1897 1602 parcendo,
1926 1562 1963 1590 ct
1993 1554 2068 1590 voti
2101 1561 2338 1602 compotem,

1348 1625 1407 1648 me
1441 1620 1505 1648 tuo
1533 1613 1641 1648 vultu
1670 1613 1790 1649 saties.
1813 1617 1866 1649 Tu
1899 1621 1980 1649 esto
2013 1626 2136 1649 mcum
2164 1611 2340 1662 gaudium

1348 1672 1412 1720 qui
1435 1685 1473 1708 es
1503 1672 1650 1708 futurus
1677 1673 1886 1721 praemium.
1908 1673 1962 1709 Sit
1988 1685 2070 1709 mea
2089 1672 2126 1708 in
2157 1680 2192 1709 te
2222 1671 2342 1721 gloria

1349 1744 1417 1780 per
1444 1740 1578 1768 cuncta
1607 1745 1754 1782 semper
1777 1733 1910 1769 saecula
1934 1748 1941 1769 :
1963 1733 2026 1782 qui
2056 1745 2141 1769 cum
2168 1735 2276 1769 Patre
2305 1739 2343 1767 ct

1349 1791 1489 1840 Spiritu
1511 1800 1640 1827 sancto
1659 1792 1753 1828 vivis
1770 1800 1806 1828 et
1827 1805 1959 1841 regnas
1973 1793 2000 1838 -ῑ,
2023 1800 2094 1829 etc.

286 1846 421 1883 bissum
438 1863 530 1885 sum.
547 1853 578 1887 Ο
598 1851 761 1887 Domine
777 1855 882 1897 Jesu,
902 1851 1025 1889 adbuc
1042 1852 1200 1888 charitas
1218 1861 1280 1888 tua
1304 1859 1331 1894 C

286 1920 345 1943 me
378 1910 571 1958 compellit
611 1919 783 1960 repetere
818 1911 1021 1948 modicum.
1055 1916 1141 1948 Jesu
1155 1940 1164 1957 ,
1195 1916 1284 1949 Jesu

285 1967 445 2004 Domine
464 1982 568 2005 meus
586 1977 623 2005 et
645 1973 743 2006 Deus
765 1983 890 2016 meus,
911 1971 987 2007 vita
1007 1971 1140 2007 animae
1166 1984 1280 2018 meae,

286 2027 504 2074 peccatricis
522 2036 611 2074 tuae,
627 2029 823 2078 prcemium
841 2030 1154 2079 peregrinationis
1170 2043 1281 2077 meae3

287 2085 384 2121 istud
404 2087 596 2124 modicum
614 2096 757 2125 tantum
775 2089 843 2124 suit
860 2102 1028 2125 amarum
1048 2089 1129 2126 tibi.
1149 2093 1191 2126 In
1211 2090 1282 2127 isto

286 2145 434 2181 modico
475 2146 592 2183 sactus
626 2160 664 2184 05
705 2148 955 2197 opprobrium
997 2148 1213 2194 hominum,
1247 2158 1282 2186 et

286 2204 527 2242 subsannatio
554 2208 686 2257 populi
705 2222 712 2243 :
734 2208 770 2243 in
793 2208 863 2244 isto
891 2208 1039 2244 modico
1068 2208 1163 2244 sicut
1186 2221 1282 2257 aqua

285 2265 425 2301 effusus
441 2279 496 2311 es,
515 2275 551 2302 ct
580 2267 746 2316 dispersa
770 2276 857 2303 sunt
883 2268 1009 2304 onmia
1029 2281 1111 2304 ossa
1140 2276 1225 2304 tua:
1243 2268 1282 2304 in

285 2323 355 2358 isto
387 2324 535 2360 modico
567 2339 766 2374 percussus
794 2335 850 2363 est
872 2335 1012 2375 pastor,
1041 2335 1078 2362 ct
1105 2326 1282 2375 (lispcrsae

285 2390 373 2417 sunt.
401 2396 490 2418 ovcs
517 2384 637 2431 gregis
660 2399 666 2420 :
690 2385 726 2420 in
759 2385 829 2420 isto
859 2393 929 2421 tani
959 2398 1086 2420 amaro
1116 2385 1279 2429 modico,

288 2440 479 2487 speciosus
495 2442 613 2477 forma
631 2455 707 2491 prce
724 2434 806 2478 liliis
823 2442 1016 2478 bominum
1034 2442 1136 2478 visus
1151 2456 1189 2479 cs
1206 2456 1282 2478 non

288 2497 427 2534 hatwrc
444 2500 625 2548 specivm,
646 2514 712 2537 nec
729 2501 904 2537 decorem
923 2508 928 2522 ¹
953 2515 960 2536 :
984 2501 1021 2536 in
1045 2501 1114 2537 isto
1132 2501 1282 2537 modico

289 2557 407 2592 David
434 2570 555 2603 meus,
575 2559 650 2594 imo
667 2562 775 2595 Jcsus
797 2572 922 2604 incus,
942 2559 1129 2596 Dominus
1154 2573 1279 2604 nicus,

1718 1913 1900 1953 SERMO
1928 1915 1981 1955 V.

1544 2038 1580 2067 In
1596 2046 1675 2066 vers.
1695 2037 1752 2075 831,
1771 2039 1812 2067 35
1838 2046 1906 2078 cap.
1922 2048 1986 2066 xm
2002 2036 2145 2068 Joaunis.

1406 2148 1435 2183 l.
1470 2148 1693 2183 Illandatum
1723 2161 1851 2183 novum
1881 2150 1927 2183 (lo
1956 2148 2081 2193 vobis,
2111 2158 2149 2184 ιι(
2178 2151 2343 2199 diligatis

1348 2210 1522 2250 invicem,
1550 2211 1644 2242 sicut
1670 2209 1787 2241 (lilexi
1819 2221 1896 2242 vos.
1920 2208 1992 2254 Qui
2013 2207 2229 2245 mandatum
2260 2213 2339 2246 Do-

1349 2265 1439 2301 mini
1472 2278 1547 2301 non
1582 2266 1747 2314 ignorat,
1785 2279 1936 2302 necesse
1970 2275 2025 2303 est
2061 2275 2102 2303 ut
2132 2269 2339 2305 secundum

1347 2323 1439 2359 illud
1464 2324 1591 2360 vivere
1621 2337 1697 2360 non
1730 2325 1904 2373 negligat.
1934 2329 2026 2362 Nam
2059 2339 2190 2363 servus
2221 2328 2341 2363 sciens

1347 2384 1578 2419 voluntatem
1610 2384 1762 2419 Domini
1789 2385 1866 2429 sui,
1885 2393 1921 2420 ct
1947 2398 2022 2420 non
2050 2385 2206 2431 faciens,
2224 2387 2341 2436 plagis

1347 2440 1541 2490 vapulabit
1572 2441 1724 2477 multis⁵
1746 2457 1753 2478 :
1775 2443 1839 2490 qui
1867 2451 1989 2479 autem
2023 2443 2170 2490 fecerit,
2203 2445 2341 2482 divitiis

1348 2508 1383 2535 ct
1403 2499 1611 2536 honoribus
1637 2499 1819 2536 ditabitur
1847 2501 1992 2548 multis,
2010 2501 2119 2550 juxta
2138 2503 2241 2551 quod
2260 2507 2340 2540 Do-

1348 2559 1471 2595 minus
1492 2560 1660 2595 omnium
1682 2559 1733 2595 ait
1762 2560 1954 2609 discipulis
1978 2561 2071 2607 suis,
2092 2565 2204 2598 Beati
2224 2568 2339 2608 eritis,

289 2624 375 2650 ante
409 2625 555 2665 portam
591 2618 752 2653 civitatis
783 2619 818 2654 in
851 2627 1030 2668 tympano
1059 2632 1134 2655 sum
1165 2619 1379 2660 carnisti
1400 2617 1568 2664 jhc-eritis
1605 2633 1690 2666 (sace
1722 2633 1788 2667 ego
1817 2624 1997 2667 prfem'pio
2026 2620 2127 2656 vobis
2149 2620 2178 2658 ⁶.
2215 2623 2342 2660 Dulcis

289 2675 584 2724 tympanizabat,
599 2685 634 2711 vt
652 2677 832 2726 psallebat
850 2677 994 2723 dicens,
1014 2680 1135 2721 Helos,
1160 2680 1280 2722 Helai,

288 2735 615 2771 lnnmzaba‹·tm1i.›’
631 2737 696 2770 ltm-
717 2745 786 2779 est,
810 2740 908 2771 Deus
925 2750 1039 2781 mens,
1056 2738 1153 2771 Deus
1169 2750 1280 2780 meus,

289 2807 404 2840 (snare
425 2809 483 2829 me
504 2797 782 2844 dvreliquisli'?
800 2800 840 2832 In
866 2796 937 2831 isto
957 2796 1105 2832 modico
1124 2795 1284 2833 Domina

290 2866 387 2898 nit-a,
417 2857 533 2890 'tlatcr
554 2863 632 2899 tua,
657 2855 761 2903 virgo
791 2855 1028 2904 incorrupta,
1049 2855 1156 2905 virgo
1182 2855 1282 2891 inte-

290 2921 446 2956 merata,
465 2914 570 2959 virgo
588 2922 672 2949 ante
698 2922 869 2962 partum,
889 2914 995 2963 virgo
1023 2923 1108 2964 post
1134 2923 1283 2963 partum

291 2971 364 3014 1ui3
398 2975 513 3007 Mater
543 2980 622 3017 tua,
652 2973 726 3008 imo
758 2982 899 3021 martyr
931 2982 1012 3019 tua,
1041 2982 1183 3022 martyr
1208 2987 1283 3010 non

291 3030 388 3064 [οι-νυ
409 3031 608 3076 carnificis,
628 3031 690 3067 scd
709 3031 844 3067 acerbo
863 3033 994 3069 dolore
1011 3033 1152 3078 cordis,
1170 3046 1281 3082 quam

290 3100 414 3124 annu-‹-
434 3089 563 3134 flebat,
581 3103 692 3138 quain
711 3105 834 3126 amaro
852 3091 1018 3127 dolebat!
1034 3096 1108 3128 Nec
1126 3092 1280 3136 mirum,

289 3160 371 3183 cum
393 3157 426 3183 te
445 3149 587 3186 videret
605 3150 753 3186 unicum
771 3164 877 3187 suum
891 3180 900 3196 ,
922 3160 1038 3188 totum
1057 3152 1282 3187 desiderium

1349 2678 1532 2714 Dominus
1550 2678 1658 2714 dulce
1675 2678 1891 2714 mandatum
1910 2680 2119 2729 proposuit.
2137 2681 2198 2718 Ait
2213 2683 2311 2718 enim
2331 2697 2339 2719 :

1349 2737 1572 2772 Mamlatmn
1591 2751 1718 2772 novum
1743 2739 1789 2772 (lo
1814 2737 1916 2773 volu's
1927 2766 1938 2782 ,
1961 2748 1998 2773 ut
2015 2741 2176 2786 diligatis
2192 2745 2342 2777 Invicem

1348 2801 1440 2831 sicut
1480 2799 1597 2831 dilexi
1634 2811 1710 2832 vos.
1755 2797 1970 2834 Mandatum
2016 2798 2125 2835 nobis
2162 2801 2343 2849 proponit

1350 2855 1507 2900 amoris,
1532 2855 1594 2903 qui
1616 2855 1745 2891 dilexit
1766 2869 1854 2903 nos,
1882 2865 1919 2893 ct
1938 2857 2027 2893 lavit
2053 2870 2121 2894 nos
2142 2871 2161 2894 a
2181 2860 2342 2908 peccatis

1349 2913 1488 2949 nostris·
1510 2914 1545 2949 iu
1567 2914 1745 2962 sanguine
1763 2928 1843 2951 suo.
1869 2919 1899 2952 Ο
1925 2914 2065 2951 bonum
2097 2916 2312 2953 mandatum
2328 2946 2338 2963 ,

1350 2972 1563 3008 mandatum
1586 2973 1716 3019 dulce,
1738 2974 1953 3010 mandatum
1975 2975 2209 3021 delectabile,
2234 2990 2341 3013 inan-

1350 3032 1475 3068 datum
1495 3032 1600 3077 vitae,
1623 3033 1838 3070 mandatum
1861 3035 1989 3071 salutis
2014 3037 2182 3071 a‘ternae!
2203 3039 2244 3072 ln
2270 3037 2340 3073 istc.

1350 3090 1524 3126 mandato
1557 3092 1678 3127 omnis
1711 3092 1768 3128 lex
1802 3093 1940 3141 pendet
1968 3101 2004 3129 ct
2025 3094 2234 3143 Propbetae.
2259 3098 2340 3131 lloc

1350 3159 1405 3187 cst
1421 3150 1511 3186 illud
1529 3163 1645 3186 unum
1669 3151 1904 3196 mandatum,
1929 3151 1975 3187 (le
2000 3164 2076 3200 quo
2096 3152 2235 3188 (lictum
2254 3162 2308 3189 cst
2330 3169 2338 3190 :

341 3283 346 3293 ·
374 3276 440 3305 lvi.
465 3287 542 3313 mu,
565 3280 593 3307 2.
620 3296 657 3299 -—
684 3285 692 3298 ⁷
721 3281 820 3310 Marc,
848 3291 899 3316 xx,
923 3281 977 3309 3¹».
1010 3297 1043 3301 —
1069 3277 1081 3301 3
1102 3283 1172 3310 Luc.
1198 3290 1284 3309 xxiii
1300 3303 1307 3316 ‚
1335 3281 1389 3309 sis.
1412 3298 1442 3299 ψ
1477 3279 1490 3303 Δἱ
1507 3281 1542 3308 ln
1560 3280 1684 3319 llyinno
1708 3276 1915 3309 Ascensionis.
1934 3295 1974 3299 -—
1995 3275 2008 3298 5
2028 3280 2100 3308 Luc.
2124 3289 2196 3318 xii,
2217 3280 2270 3309 47.
2295 3298 2327 3302 -—

294 3324 307 3345 ‘r
325 3330 415 3358 Joau.
438 3339 492 3365 xv,
515 3331 564 3359 1ἰ.
