2504 3928
322 225 416 259 10:3⁸.)

312 301 535 349 despicitur,
561 313 673 347 quani
709 301 929 337 honoratur.
959 304 1153 351 Sceptrum
1186 312 1302 351 gestat

874 228 1187 263 [amu-:MATIO
1220 230 1263 263 ll&
1298 228 1565 263 PASSIOMiM
1594 230 1799 264 CHRISTI.

2258 229 2355 265 1040

1371 304 1500 352 Angeli
1523 304 1755 353 prospicere,
1773 305 1836 352 qui
1858 318 1988 341 omncs
2007 305 2184 355 adimplet
2205 307 2330 344 laetitia
2345 337 2354 349 ,

313 372 423 394 manu
442 372 450 399 ς
471 358 594 393 sedeo
613 359 694 407 ipso
713 360 971 396 venerandum
988 361 1070 409 ejus
1085 371 1196 411 caput
1216 363 1300 398 feri-
1322 368 1348 400 A
1367 376 1476 411 quein
1502 376 1632 398 omncs
1652 363 1900 412 deprecantur
1921 364 2053 401 divites
2074 364 2192 414 plebis
2205 394 2215 411 ,
2243 380 2354 415 quem

315 428 385 454 tur.
413 418 578 453 Adon-ant
596 431 720 454 coram
742 419 820 468 ipso
842 420 971 468 positis
992 421 1026 456 in
1051 429 1185 458 terram
1203 423 1305 470 geni-

314 477 400 519 bus,
418 485 451 512 et
466 491 588 524 regem
601 478 761 515 clamant
772 493 780 522 3
792 487 829 514 et
841 479 1022 515 continuo
1038 481 1082 516 ad
1097 495 1303 531 conspuen-

314 537 401 571 dum
429 536 607 572 amabiles
627 550 739 584 genas
754 537 953 574 dissiliunt.
977 541 1145 576 Maxillas
1165 541 1299 590 palmis

311 595 550 640 concutiunt,
581 604 615 630 et
640 596 776 632 collum
799 596 1020 633 honorabile
1052 599 1301 635 exhonorant.

311 653 387 688 Sub
407 655 527 691 crucis
548 667 663 689 onere
684 654 836 691 dorsum
860 655 1057 695 incurvare
1079 658 1246 706 cogitur,
1267 666 1303 693 ct

309 726 412 749 suam
443 714 558 762 ipsius
587 713 829 762 ignominiam
859 724 1010 765 portare
1040 715 1204 764 jubetur.
1240 717 1302 754 Li-

309 786 463 820 quesce,
485 773 607 809 anima
632 787 734 818 mea,
766 774 851 824 igne
885 777 1158 825 compassionis
1189 789 1303 826 super

310 832 574 868 contritionem
606 832 775 869 amabilis
804 833 954 882 juvenis
987 836 1113 881 istius,
1131 849 1242 885 quem
1264 836 1299 871 in

311 900 410 927 tanta
433 892 720 929 mansuetudine
741 893 845 930 vides
868 895 978 931 tantis
994 895 1173 932 afflictum
1194 894 1302 931 dolo-

312 950 425 986 ribus.
443 952 570 998 Qualis
585 960 640 988 est
661 952 718 988 hic
731 980 740 997 ‚
763 953 850 1001 quia
871 954 1006 990 coelum
1024 962 1061 990 et
1084 962 1180 990 terra
1197 967 1301 990 com-

311 1010 505 1058 patiuntur
521 1011 553 1046 ei
565 1012 579 1045 ?
593 1014 803 1059 Cognosce,
822 1013 945 1049 anima
961 1026 1055 1049 mea.
1073 1017 1146 1050 Iste
1161 1014 1303 1049 formo-

1371 422 1490 470 sputis
1509 421 1819 470 inquinaverunt,
1841 422 2012 458 manibus
2026 423 2260 469 ceciderunt,
2276 425 2357 461 vel-

1370 489 1409 516 ut
1431 481 1632 516 derisorem
1659 494 1743 517 eum
1770 490 2066 530 cooperuerunt,
2087 496 2155 519 ncc
2172 497 2355 533 peperce—

1371 548 1455 575 runt
1476 539 1610 575 amaris
1631 539 1848 576 vulneribus
1865 540 2047 589 virginem
2065 555 2213 578 carnem
2235 542 2356 578 divel-

1370 599 1444 634 lere
1461 600 1475 633 Ρ
1494 598 1589 645 Quid
1610 599 1849 643 commisisti,
1870 599 2106 636 dilectissime
2123 614 2230 650 puer,
2248 610 2288 637 ut
2304 602 2356 638 sie

1370 658 1613 694 cruciareris?
1633 658 1722 707 quid
1754 659 1891 704 fecisti,
1915 660 2165 696 amantissime
2182 660 2354 709 juvenis,

1370 725 1410 752 ut
1429 716 1480 752 sic
1497 716 1743 764 judicareris?
1771 721 1878 754 Certe
1900 731 1969 768 ego
1995 732 2103 755 causa
2123 719 2263 756 doloris
2284 721 2355 765 tui,

1369 788 1475 811 causa
1499 784 1570 811 tute
1587 776 1725 825 culpae,
1745 785 1782 812 et.
1805 785 1876 812 tuae
1899 778 2118 814 offensionis
2145 779 2303 815 occasio,
2325 783 2356 816 Ο

1369 847 1473 869 amor
1492 834 1712 871 mirabiliter
1729 835 1883 881 ardens,
1910 837 2025 886 ipsam
2039 866 2048 883 ,
2071 846 2113 873 ut
2137 838 2185 874 ita
2215 838 2332 874 dicam
2347 867 2357 885 ,

1369 893 1562 942 deponens
1579 894 1837 940 altitudinem,
1859 896 2035 932 virtutem
2056 897 2248 933 infirmans
2262 926 2271 943 ,
2292 911 2357 933 ex-

1369 953 1539 988 inaniens
1557 952 1802 1001 majestatem.
1830 955 1970 1004 [aquid
1991 955 2068 991 haec
2083 956 2232 992 omnia?
2249 959 2356 994 Certe

1370 1020 1409 1046 ut
1430 1011 1476 1046 de
1494 1011 1560 1047 hac
1583 1013 1812 1061 paupercula
1833 1013 2026 1049 meretrice
2041 1013 2234 1049 exhibcrct
2248 1026 2360 1063 spon—

309 1081 369 1103 sus
402 1081 478 1117 pra:
512 1069 596 1105 liliis
624 1069 818 1106 hominum
837 1099 846 1115 ,
878 1071 943 1108 scd
969 1080 1005 1107 et
1032 1085 1109 1120 prae
1138 1071 1302 1108 millibus
1322 1073 1348 1106 B
1369 1083 1445 1105 sam
1462 1083 1538 1105 non
1557 1069 1754 1108 habentem
1777 1071 1957 1107 maculam
1979 1084 2101 1120 neque
2117 1084 2258 1121 rugam.
2274 1075 2359 1121 Ipsa

315 1128 540 1174 angelorum
555 1157 563 1173 ,
585 1142 696 1177 quam
718 1129 899 1166 deformis
915 1143 992 1180 prae
1009 1131 1091 1167 liliis
1105 1131 1298 1167 hominum

309 1188 427 1222 factus
449 1190 523 1223 cst!
554 1190 648 1235 Quia
668 1189 832 1226 vidimus
860 1203 945 1226 eum
975 1190 1218 1226 novissimum
1241 1190 1299 1226 vi-

311 1260 438 1282 rorum
450 1276 458 1292 ,
474 1261 548 1283 non
563 1247 760 1284 habentem
774 1249 934 1298 speciem
951 1262 1072 1297 neque
1086 1249 1259 1284 decorem
1273 1255 1297 1283 ¹.

313 1306 466 1354 Respice
479 1335 487 1350 ,
509 1307 690 1352 Domine,
713 1316 840 1343 sancte
857 1311 988 1352 Pater;
1007 1321 1090 1343 ecce
1109 1307 1208 1343 enim
1226 1320 1302 1343 vox

310 1367 500 1415 sanguinis
526 1367 648 1402 fratris
670 1367 740 1402 mei
766 1371 854 1403 Jesu
883 1367 1020 1403 Christi
1047 1368 1181 1402 clamat
1201 1367 1246 1402 ad
1268 1375 1302 1403 te

309 1424 354 1459 de
377 1433 497 1467 terra,
527 1425 562 1460 id
583 1433 658 1470 est,
687 1425 733 1461 de
755 1438 877 1461 cruce.
901 1428 1052 1461 Intuere
1072 1424 1218 1460 dulcem
1236 1438 1303 1461 na-

312 1493 388 1518 tum
409 1492 511 1519 tuum
533 1492 611 1519 toto
629 1497 789 1533 corpore
808 1492 1018 1520 extensum.
1033 1485 1151 1520 Cerne
1171 1496 1304 1520 manus

309 1542 389 1591 ejus
408 1543 581 1579 innoxias
601 1552 870 1592 promanantcs
889 1543 1069 1593 sanguine
1083 1572 1092 1588 ,
1115 1551 1151 1579 et
1173 1543 1303 1579 remit-

313 1611 345 1636 te
364 1602 451 1637 mihi
471 1602 608 1638 scelera
625 1615 708 1651 quae
723 1611 1039 1652 perpetraverunt
1054 1615 1185 1639 manus
1200 1616 1301 1639 meae.

310 1661 513 1697 Considera
531 1662 611 1699 Filii
631 1662 684 1698 tui
704 1662 800 1698 latus
816 1662 958 1698 crudeli
977 1662 1115 1698 fossum
1136 1661 1303 1711 cuspide,

311 1728 347 1755 ct
370 1733 510 1756 renova
530 1733 588 1756 nie
606 1733 711 1757 sacro
728 1719 829 1756 fonte
843 1749 852 1766 ,
872 1734 983 1769 quem
1001 1720 1088 1756 inde
1105 1720 1219 1757 credo
1231 1721 1303 1757 ssu—

313 1778 419 1814 xissc.
455 1778 547 1815 vido
579 1779 815 1816 immaculata
842 1779 997 1828 vestigia
1029 1779 1131 1816 duris
1158 1781 1305 1817 confixa

1366 1141 1503 1178 sponsa
1529 1137 1584 1164 cst
1613 1130 1734 1165 anima
1765 1129 1950 1175 humana,
1975 1144 2058 1179 quae
2091 1131 2271 1166 fornicata
2301 1139 2358 1167 est

1366 1201 1450 1224 cum
1482 1188 1552 1224 diis
1584 1189 1728 1233 inultis,
1763 1188 1849 1238 quia
1879 1203 1962 1225 cum
1993 1189 2224 1226 amatoribus
2256 1190 2355 1236 suis,

1368 1244 1437 1280 sub
1460 1246 1562 1281 omni
1585 1246 1686 1294 ligno
1703 1247 1883 1283 frondoso
1903 1247 2213 1296 prosternebatur
2232 1261 2357 1285 mere-

1370 1303 1453 1339 trix.
1475 1307 1506 1341 O
1526 1305 1719 1341 meretrix!
1741 1306 1830 1354 quid
1862 1306 2063 1342 retribuam
2098 1307 2260 1343 Domino
2287 1320 2358 1356 pro

1368 1362 1544 1398 omnibus
1560 1376 1644 1412 quae
1664 1364 1837 1400 retribuit
1857 1365 1973 1401 mihi?
1994 1370 2055 1402 Vae
2075 1366 2209 1402 animae
2230 1375 2264 1402 te
2280 1380 2356 1403 non

1368 1424 1571 1471 quaerenti,
1595 1431 1629 1459 te
1647 1436 1722 1460 non
1744 1425 1904 1460 amanti!
1922 1439 2005 1474 quae
2027 1427 2055 1462 si
2076 1426 2258 1463 mundum
2276 1427 2361 1463 dili-

1369 1482 1441 1530 git,
1462 1482 1624 1531 peccatis
1638 1482 1774 1526 servit,
1796 1496 1987 1532 nunquam
2005 1486 2147 1533 quieta,
2166 1499 2358 1535 nunquam

1370 1553 1511 1576 secura.
1540 1540 1657 1586 Nihil,
1680 1553 1831 1589 quaeso,
1859 1543 1940 1578 sine
1968 1551 2002 1579 te
2029 1544 2118 1580 mihi
2150 1544 2358 1590 dulcescat,

1370 1599 1461 1635 nihil
1478 1599 1648 1648 placeat:
1672 1600 1764 1636 nihil
1792 1601 2023 1650 speciosum,
2047 1603 2138 1638 nihil
2165 1612 2300 1653 praeter
2326 1612 2361 1640 te

1370 1659 1534 1695 arrideat
1552 1660 1781 1709 pretiosum,
1810 1661 1990 1698 vilescant
2008 1663 2134 1699 onmia
2155 1671 2291 1712 praeter
2313 1671 2360 1700 te.

1371 1717 1482 1765 Quod
1503 1717 1569 1754 tibi
1590 1727 1646 1755 est
1671 1719 1868 1756 adversum
1900 1721 1988 1757 mihi
2019 1722 2064 1757 sit
2087 1722 2305 1768 molestum,
2326 1731 2362 1759 et

1371 1785 1476 1813 tuum
1498 1777 1774 1828 beneplacitum
1801 1779 1847 1816 sit
1866 1780 1956 1817 mihi
1972 1780 2190 1818 indeficiens
2210 1781 2361 1818 deside-

312 1839 444 1883 claxis,
467 1846 502 1874 et
523 1840 662 1888 perfice
687 1852 837 1888 gressus
856 1852 960 1876 meos
976 1839 1013 1875 in
1035 1840 1174 1876 semitis
1195 1840 1304 1876 tuis².
1326 1839 1353 1874 C
1372 1836 1482 1872 rium·
1511 1836 1637 1873 Taedet
1656 1837 1820 1888 gaudere
1836 1838 1914 1875 sine
1936 1847 1990 1886 te,
2012 1839 2171 1876 delectat
2200 1840 2363 1890 gaudere

314 1897 455 1933 Candet
477 1898 658 1934 nudatum
680 1906 831 1947 pectus;
859 1897 969 1935 rubet
995 1906 1232 1935 cruentatum
1255 1900 1308 1936 la-

315 1966 372 1992 tus
396 1972 402 1992 :
426 1957 589 1994 hominis
620 1958 688 1994 Dei
721 1958 897 2007 conspice
927 1971 1096 2008 poenam,
1122 1966 1157 1994 et
1184 1959 1308 1996 releva

316 2017 477 2052 hominis
513 2017 653 2052 conditi
694 2017 894 2053 miseriam.
937 2017 1019 2053 Misi
1062 2018 1306 2067 propaginem

318 2084 416 2111 tuam
439 2076 536 2112 inter
563 2089 620 2112 me
647 2084 683 2112 et
705 2084 739 2112 te
766 2080 886 2113 Deum
913 2076 1178 2124 mediatorem;
1201 2078 1306 2122 misi,

317 2135 490 2183 inquam,
520 2135 827 2181 intercessorem,
858 2147 928 2184 per
959 2148 1070 2184 quem
1101 2149 1211 2186 spero
1241 2150 1308 2173 ve-

319 2195 429 2229 nian).
453 2195 609 2231 Multum
631 2195 773 2244 quippe
789 2195 962 2244 estquod
983 2209 1064 2232 mea
1080 2197 1216 2232 meruit
1234 2196 1308 2232 im·-

319 2254 453 2301 pietas;
479 2254 541 2290 sed
559 2255 669 2303 longe
688 2254 808 2303 majus
825 2263 880 2291 est
897 2254 998 2304 quod
1023 2256 1187 2304 reposcit
1207 2259 1309 2293 Con-

315 2313 448 2349 ‹litoris
465 2314 592 2362 pictas.
607 2318 757 2361 Quanto
774 2318 874 2351 Deus
889 2315 1061 2363 superior
1074 2323 1127 2350 est
1141 2314 1306 2360 homine,

317 2380 419 2407 tanto
453 2385 532 2407 mea
565 2372 702 2408 malitia
727 2373 883 2408 inferior
909 2381 963 2408 est
992 2373 1107 2421 ipsius
1127 2372 1308 2410 bonitate.

315 2430 516 2465 Dominum
548 2433 674 2465 Jcsum
709 2429 896 2466 Christum
931 2428 1114 2465 habemus
1147 2429 1308 2465 advoca-

318 2498 423 2535 tum,
466 2502 541 2524 non
579 2502 717 2525 saevum
756 2489 969 2535 hominem,
1007 2502 1084 2529 non
1117 2489 1306 2526 crudelem

317 2558 519 2596 tyrannum
543 2547 724 2584 habemus
738 2546 902 2596 judicem
922 2564 930 2595 ;
962 2547 1026 2584 sed
1054 2548 1155 2597 pium
1178 2549 1309 2585 Domi-

1374 1903 1495 1933 tecum
1513 1925 1522 1942 ‚
1553 1905 1588 1934 et
1618 1898 1708 1934 flere
1738 1906 1884 1944 tecum,
1914 1907 1950 1934 et
1975 1897 2193 1935 conturbari
2223 1912 2293 1948 pro
2314 1908 2361 1936 te.

1373 1955 1426 1991 Sit
1443 1968 1582 1992 nomen
1603 1964 1706 1992 tuum
1734 1957 1953 1994 refocillatio
1972 1970 2076 2003 mea,
2101 1958 2281 1994 memoria
2301 1966 2364 1994 tua

1374 2015 1580 2052 consolatio
1610 2029 1705 2052 mea.
1739 2017 1774 2054 Si
1801 2025 1951 2066 peccata
1982 2030 2063 2054 mea
2090 2017 2310 2067 prohibent,
2333 2018 2363 2055 si

1375 2087 1434 2110 me
1454 2075 1587 2112 delicta
1609 2089 1689 2112 mea
1713 2076 1938 2112 excludunt³
1948 2104 2026 2113 ......
2051 2090 2127 2113 non
2150 2078 2310 2127 repellit.
2331 2080 2362 2115 Ο

1376 2131 1474 2169 bone
1493 2137 1602 2171 Jesu!
1623 2135 1806 2171 Memoria
1824 2143 1885 2171 tua
1903 2148 2017 2184 super
2037 2136 2107 2171 mel
2129 2135 2270 2182 dulcis;
2289 2149 2364 2173 me-

1377 2191 1510 2228 ditatio
1537 2194 1589 2230 tui
1611 2194 1695 2243 plus
1711 2207 1822 2243 quam
1841 2194 1963 2230 omnis
1977 2193 2081 2231 cibus
2096 2195 2246 2232 suavis:
2264 2195 2310 2232 de
2332 2205 2365 2231 te

1378 2250 1482 2299 loqui
1501 2252 1613 2300 plena
1634 2252 1807 2298 resectio,
1828 2261 1861 2288 te
1882 2265 1990 2288 nosse
2012 2254 2176 2301 perfecta
2195 2255 2365 2290 consola-

1378 2310 1429 2345 tio
1451 2325 1458 2345 :
1483 2310 1550 2346 tibi
1579 2310 1770 2347 adhaerere
1795 2311 1869 2346 vita
1900 2319 2061 2357 aeterna3
2085 2326 2103 2348 a
2135 2320 2170 2348 te
2201 2313 2366 2361 separari

1378 2382 1479 2405 mors
1499 2378 1554 2405 est
1573 2378 1768 2419 perpetua.
1791 2373 1822 2408 Ο
1849 2383 1960 2419 quam
1985 2372 2154 2408 excelsus
2180 2380 2217 2408 tu
2241 2385 2299 2418 es,
2327 2381 2364 2408 ct

1374 2442 1486 2477 quam
1506 2429 1657 2466 humilis
1677 2430 1811 2466 corde!
1836 2434 1907 2468 Fac
1927 2443 1986 2467 me
2004 2439 2152 2479 gustare
2174 2445 2242 2481 per
2259 2445 2363 2469 amo-

1374 2500 1474 2534 rem,
1502 2488 1604 2537 quod
1639 2497 1747 2538 gusto
1776 2502 1845 2538 per
1872 2490 2140 2538 cognitionem.
2172 2494 2283 2528 Fame
2310 2493 2361 2528 tui

1373 2548 1514 2585 amoris
1538 2548 1689 2598 languet
1713 2549 1835 2585 anima
1858 2563 1960 2595 mea,
1989 2550 2154 2587 refocilla
2174 2563 2255 2587 eam
2277 2566 2284 2586 :
2307 2565 2365 2589 sa-

317 2622 425 2653 num,
446 2609 509 2656 qui
529 2608 622 2644 bene
641 2609 731 2643 meis
748 2608 813 2644 scit
830 2607 1110 2644 infirmitatibus
1130 2608 1305 2658 compati.
1324 2611 1356 2644 D
1374 2607 1439 2644 tiet
1466 2620 1546 2643 eam
1577 2608 1727 2645 dilectio
1753 2617 1835 2654 tua,
1860 2609 2069 2658 impinguet
2099 2623 2179 2645 cam
2210 2611 2366 2648 affectus

314 2667 398 2703 Scio
416 2667 514 2702 enini
537 2666 638 2715 qnod
655 2667 682 2702 si
705 2674 913 2702 coaeternus
933 2665 1018 2711 tibi,
1040 2674 1166 2702 sancte
1182 2670 1304 2712 Pater,

314 2727 427 2763 Filius
459 2739 532 2761 non
564 2734 682 2771 esset,
707 2734 882 2775 peccator
904 2725 1016 2761 honio
1043 2738 1120 2762 non
1153 2725 1309 2766 auderet

316 2787 458 2835 polluta
476 2785 521 2821 ad
544 2794 576 2821 te
598 2784 693 2821 labia
715 2785 871 2834 aperire.
889 2788 959 2821 Dat
975 2797 1104 2820 ausum
1126 2784 1306 2834 loquendi

313 2845 480 2881 Christus
510 2847 628 2887 Deus,
658 2857 769 2892 quem
802 2842 983 2879 habemus
1016 2843 1246 2879 sacerdotem
1268 2844 1304 2879 in

313 2904 414 2939 coelis
449 2916 518 2951 pro
547 2902 655 2938 nobis
690 2902 1004 2951 interpellantem.
1043 2906 1084 2938 In
1119 2901 1304 2950 ejusmodi

315 2963 464 2999 confido
494 2963 696 3005 advocato,
728 2963 763 2997 in
795 2961 875 3010 ejus
899 2961 1153 2998 misericordia
1178 2975 1300 3011 spero.

367 3026 400 3057 3.
424 3027 454 3058 (,)
483 3022 719 3057 dilectissime
743 3025 862 3065 Pater,
896 3021 1047 3069 quando
1072 3029 1106 3057 te
1137 3020 1304 3057 videbo?

313 3081 465 3130 quando
488 3091 572 3117 ante
599 3082 726 3117 faeiem
759 3090 858 3116 tuam
892 3080 1128 3129 apparebo3?
1153 3080 1305 3130 quando

313 3141 476 3176 satiabor
498 3141 776 3189 pulchritudine
802 3142 886 3176 tua?
908 3140 1059 3188 quando
1076 3139 1211 3176 videbo
1228 3142 1306 3177 vul-

316 3208 390 3234 tum
424 3209 526 3234 tuum
562 3199 865 3241 desiderabilem,
897 3199 930 3234 in
953 3212 1063 3246 quem
1093 3199 1305 3236 desiderant

761 3332 769 3345 ²
792 3327 866 3355 l‘sal.
888 3337 950 3355 xvi.

363 3331 460 3356 ¹1„st
482 3339 558 3361 ιιιι,
587 3333 601 3347 ”
644 3333 659 3353 J,
1041 3325 1246 3364 ''Psal.x1,1‚
1269 3330 1296 3356 3,

1373 2674 1478 2711 tuus,
1498 2667 1651 2715 impleat
1672 2680 1751 2703 eam
1781 2681 1888 2703 amor
1910 2676 2006 2705 tuus.
2027 2669 2126 2716 Quid
2151 2669 2249 2706 enim
2271 2671 2361 2706 mihi

1373 2734 1523 2762 moveat
1554 2725 1706 2763 crebras
1740 2727 1942 2776 lacrymas,
1974 2727 2043 2763 nisi
2077 2727 2246 2765 absentia
2275 2733 2362 2766 Jesu

1372 2785 1579 2823 Christi?O
1607 2785 1706 2823 bone
1734 2790 1842 2824 Jcsul
1871 2788 1899 2824 si
1931 2796 2004 2823 tam
2035 2787 2143 2824 dulce
2169 2797 2224 2825 est
2252 2789 2298 2824 de
2327 2798 2362 2825 te

1373 2843 1475 2890 llere,
1490 2858 1602 2892 quam
1624 2845 1732 2881 dulce
1750 2854 1804 2882 est
1822 2846 1867 2882 de
1887 2855 1921 2882 te
1941 2846 2123 2895 gaudere!
2143 2847 2237 2884 Novi
2257 2849 2359 2896 quod

1371 2903 1419 2939 sis
1444 2903 1538 2939 lenis
1558 2911 1710 2949 natura,
1735 2904 1835 2941 mitis
1856 2913 1891 2941 et
1915 2905 2065 2942 humilis
2093 2906 2228 2951 corde,
2253 2906 2359 2942 blan-

1370 2962 1440 2998 dus
1465 2970 1631 3011 aspectu,
1648 2964 1849 3011 etquidem
1874 2973 2009 3001 unctus
2025 2965 2109 3001 oleo
2127 2965 2262 3002 laetitiae
2283 2979 2359 3015 prae

1370 3020 1608 3058 consortibus
1630 3022 1714 3058 tuis.
1740 3023 1811 3070 Qui
1838 3037 1914 3059 non
1936 3024 2045 3060 sentit
2065 3024 2220 3060 odorem
2241 3032 2358 3070 tuum,

1370 3081 1528 3125 Christe,
1551 3089 1615 3116 aut
1638 3081 1775 3118 fetidus
1792 3092 1855 3119 aut
1883 3091 2054 3119 mortuus
2074 3091 2142 3119 est.
2162 3086 2253 3119 Tota
2271 3083 2358 3119 dul-

1372 3140 1464 3177 cedo
1501 3148 1607 3176 terrae
1645 3140 1854 3177 humanitas
1894 3142 2028 3178 Christi
2053 3156 2059 3177 :
2084 3150 2157 3178 tota
2199 3142 2358 3179 dulcedo

1373 3200 1454 3236 coeli
1475 3199 1627 3249 spiritus
1646 3199 1794 3236 Christi.

1618 3333 1629 3345 ‘⁸
1644 3327 1757 3368 Supple
1781 3326 1953 3366 henigruita.»
1973 3334 2023 3357 (tm
2039 3339 2092 3356 mc.
