2418 3949
59 140 127 177 197

731 139 778 173 IN
808 137 1035 180 CANTICA,
1064 136 1226 172 SERMO
1256 139 1428 173 XXVIII.

55 226 93 254 et
117 215 237 254 statim
269 214 570 264 exstinguuntur.
590 213 735 262 thuid
758 213 880 250 istud?
904 213 1043 262 Utique
1062 210 1094 229 ⁹³

2029 146 2098 181 198

1114 224 1198 261 quae
1214 212 1377 249 infundit
1403 222 1538 249 terram
1569 223 1605 250 01
1624 215 1804 264 inebriat,
1825 227 1862 255 01
1888 223 2099 269 germinare

54 275 234 326 quoniam
268 273 439 323 exiguam
476 272 585 309 nobis
618 272 762 309 incensi
797 271 1052 321 congessimus
1068 272 1099 306 A
1117 270 1213 306 facit.
1230 271 1331 306 Beati
1349 280 1513 318 montes,
1527 285 1641 322 super
1655 287 1750 323 quos
1767 275 1828 312 nix
1845 277 1914 315 ista
1931 280 2047 330 cadit,
2065 294 2103 321 et

54 335 262 374 materiam.

109 397 145 433 5.
161 398 240 444 Ego
261 393 412 443 spiritus
432 392 618 442 angelicos
632 421 642 439 ,
669 400 707 428 et
730 391 759 428 si
776 392 838 440 qui
856 392 955 428 inter
974 390 1046 426 ho-

57 455 176 492 mines
195 453 344 490 illorum
362 452 485 488 aemuli
501 459 600 495 sunt,
616 450 799 500 quosdam
815 450 919 486 velut
933 448 1047 486 colles

20 539 27 548 a
57 513 177 551 thuris
197 513 438 561 interpretor,
458 523 620 560 quorum
647 509 767 547 oratio
787 509 892 558 quasi
913 509 1046 545 incen-

57 585 140 611 sum
171 571 344 620 dirigitur
374 582 522 619 semper
552 569 589 606 in
619 577 822 618 conspectu
849 568 919 605 Dei
944 581 952 603 :
981 568 1047 617 qui

61 631 274 670 devotionis
301 628 540 666 suavissimos
570 640 731 677 vapores
764 628 945 677 gignunt,
971 640 1048 664 coe-

61 691 210 728 lestium
229 690 438 739 glomerant
454 686 573 724 nubes
586 687 802 724 affectuum.
820 691 956 724 Beatus
972 687 1048 724 uti-

59 762 133 799 que
152 747 338 793 sacerdos,
358 746 423 796 qui
443 745 551 782 thura
573 753 674 782 tanta
695 745 822 791 offert,
846 758 958 795 quem
974 753 1047 782 tam

60 807 185 846 suavis
200 805 347 844 nebulae
366 818 486 854 vapor
500 805 624 854 operit
643 812 680 840 et
699 804 870 841 involvit.
883 808 926 841 In
944 808 1048 854 Apo-

59 866 199 917 calypsi
228 865 319 915 legis
351 865 502 914 pltlcdas
526 867 666 913 plenas
698 865 1018 900 odoramentorum
1033 891 1043 910 ,

59 939 146 975 quae
157 934 243 962 sunt
257 926 439 960 orationes
455 932 661 960 sanctorum
683 929 708 959 ¹.
723 925 770 959 Et
786 936 869 972 quae
883 935 1049 960 conven-

1112 329 1226 366 colles
1255 342 1349 378 quos
1374 331 1509 380 operit.
1526 332 1607 376 Sic,
1639 334 1762 383 inquit
1780 337 1983 387 Dominus,
2015 348 2098 389 erit,

1112 388 1261 425 verbum
1287 392 1388 437 quod
1407 393 1592 438 egreditur
1603 394 1649 427 de
1663 407 1725 428 ore
1737 409 1837 440 meo,
1855 410 1928 433 non
1946 412 2103 439 reverte-

1112 451 1238 484 turacl
1251 463 1309 484 mc
1331 451 1524 486 vacuumi.
1546 451 1753 489 Videturne
1775 454 1840 491 tibi
1858 470 2015 496 vacuum
2039 475 2101 499 re·

1111 508 1208 544 verti
1226 507 1383 544 verbum
1396 537 1405 553 ,
1428 509 1530 558 quod
1555 510 1657 547 vadit
1676 513 1721 548 ad
1744 524 1890 553 montes
1916 521 2100 569 mvrrhae,

1115 574 1152 602 et
1172 566 1286 603 colles
1306 566 1445 612 thuris,
1466 568 1569 616 quod
1595 569 1693 606 cadit
1710 584 1823 621 snper
1848 574 1917 612 hos
1937 562 2102 627 montes,

1112 634 1150 662 et
1176 625 1289 662 colles
1323 626 1470 674 operit?
1495 627 1619 663 Nescit
1645 642 1802 666 vacuum
1834 636 1983 672 reverti.
2012 639 2101 676 Ideo

1111 692 1222 720 vocat
1241 692 1277 720 et
1291 683 1400 730 dicit,
1423 687 1514 720 Veni
1527 687 1573 721 de
1593 686 1753 732 Libano,
1769 695 1868 728 veni.
1889 697 1943 730 An
1964 707 2104 745 myste-

1113 743 1169 780 rio
1190 755 1322 780 vacare
1347 751 1478 793 putaS,
1495 744 1598 793 quod
1619 755 1706 796 post
1722 758 1869 787 montes
1889 755 2051 801 myrrhae
2069 768 2106 795 et

1114 803 1227 840 colles
1251 803 1370 840 thuris
1390 813 1663 842 commemorat
1691 806 1901 846 Libanum?
1928 816 2020 860 Quae
2047 830 2105 854 res

1113 863 1280 899 animum
1301 863 1351 899 sic
1367 863 1492 899 reddit
1511 864 1695 901 mundum
1716 875 1752 902 et
1772 869 1996 919 candidum,
2013 887 2108 923 quo-

1115 921 1229 958 modo
1259 922 1440 959 orationis
1469 925 1585 960 usus?
1612 925 1739 962 Primo
1768 929 1920 977 quidem
1952 935 2106 982 myrrha

64 985 117 1023 tio
140 983 299 1022 collibus
320 983 437 1020 thuris
453 982 500 1020 ad
516 982 684 1033 phialas?
709 995 792 1031 quae
809 982 907 1018 enim
927 982 1051 1032 phiala
1068 986 1096 1020 Β
1115 982 1338 1029 mortificat,
1360 981 1498 1018 deinde
1517 982 1602 1019 thus
1621 985 1806 1033 purificat.
1826 991 1901 1026 Nec.
1919 992 2018 1029 enim
2037 1007 2110 1043 pu-

63 1043 183 1094 capiat
204 1043 338 1080 collem
366 1041 507 1080 thuris?
535 1046 638 1079 Bona
666 1041 791 1091 phiala
816 1042 928 1091 plena
952 1041 1052 1079 odo-

63 1101 335 1142 ramentorum:
366 1103 436 1140 Sed
466 1116 552 1140 ecce
578 1103 663 1152 plus
688 1115 800 1151 quam
832 1101 956 1151 phiala
981 1101 1051 1138 hic.

62 1164 253 1208 Ascendit,
270 1162 413 1211 inquit,
429 1160 557 1209 sumus
577 1171 784 1198 aromatum
805 1166 842 1197 in
863 1170 1055 1209 conspectu

64 1224 214 1258 Domini
238 1223 285 1257 cle
307 1235 422 1257 marm
443 1224 570 1271 angeli
593 1227 619 1258 ².
645 1221 715 1259 Sed
735 1233 819 1270 quae
839 1234 973 1257 manus
994 1221 1052 1257 in—

65 1289 169 1330 tegro
188 1280 276 1318 colli
293 1280 453 1317 sufficiat
466 1281 480 1316 ?
495 1283 600 1328 Quae,
622 1281 789 1329 inquam,
806 1293 940 1316 manus
953 1308 963 1325 ,
982 1279 1052 1315 nisi

63 1347 149 1385 tua,
165 1342 254 1377 Jesu
272 1337 395 1386 bone,
416 1351 570 1385 manus,
587 1339 651 1387 qui
671 1346 819 1375 montes
840 1337 1028 1388 ponderas
1040 1365 1049 1383 ,

63 1406 102 1435 et
126 1406 263 1435 terram
282 1398 409 1448 palmo
429 1397 646 1444 concludis,
673 1398 739 1446 qui
764 1397 878 1434 libras
905 1406 1052 1438 montes

62 1458 102 1495 in
117 1457 287 1508 pondere
298 1486 309 1504 ,
325 1457 438 1494 001105
457 1457 494 1493 111
513 1458 672 1494 statera?
687 1461 730 1494 In
745 1470 858 1493 manu
876 1465 938 1494 tua
951 1484 961 1502 ,
979 1461 1053 1494 Do-

64 1517 189 1562 mine,
223 1529 354 1553 omnes
383 1516 475 1552 fines
494 1515 652 1552 istorum
675 1516 827 1552 collium
843 1543 853 1562 ,
883 1524 920 1552 et
951 1515 979 1552 si
1000 1515 1053 1553 fas

63 1582 120 1612 est
147 1574 291 1619 dicere,
319 1575 358 1611 iu
387 1574 472 1612 sinu
503 1582 581 1610 tuo.
604 1575 777 1623 Denique
807 1575 844 1610 in
871 1575 956 1611 sinu
987 1582 1052 1611 tuo

62 1642 277 1670 sanctorum
293 1633 414 1670 oratio
433 1633 680 1678 convertitur,
697 1633 735 1669 in
756 1641 960 1682 conspectu
982 1641 1047 1670 tuo

62 1692 176 1730 intrat
196 1707 205 1729 :
225 1691 277 1730 ibi
304 1700 561 1738 conversatur,
586 1691 638 1728 ibi
658 1693 893 1729 convertitur
915 1705 922 1727 :
939 1692 993 1728 illi
1010 1692 1049 1728 in

1118 1055 1157 1078 ra
1177 1041 1317 1091 poterit
1336 1054 1511 1079 emanare
1528 1043 1669 1089 oratio,
1690 1045 1719 1080 si
1738 1058 1815 1082 non
1831 1051 1953 1087 omnis
1970 1065 2110 1101 pravus

1118 1101 1242 1150 primo
1270 1100 1381 1137 fuerit
1401 1100 1498 1137 odor
1524 1115 1737 1151 repressus,
1763 1114 1800 1142 et
1820 1107 2007 1147 exhalatio
2025 1126 2110 1149 car-

1119 1160 1188 1197 nis.
1204 1163 1247 1197 In
1276 1160 1441 1209 myrrhae
1471 1171 1664 1210 unguento
1691 1177 1797 1202 mens
1824 1168 2043 1218 stringitur,
2071 1182 2113 1209 ut

1118 1219 1165 1255 ad
1185 1219 1385 1269 quamdam
1398 1248 1408 1266 ,
1427 1220 1505 1257 imo
1523 1222 1781 1260 omnimodam
1798 1227 1980 1265 unitatem
1999 1243 2037 1267 50
2051 1245 2112 1269 co-
2148 1270 2151 1272 ,

1117 1287 1234 1315 arctet
1253 1294 1261 1315 :
1279 1292 1349 1329 per
1370 1279 1455 1316 thus
1485 1280 1677 1317 incensum
1705 1282 1897 1333 dirigitur,
1918 1296 1956 1324 et
1975 1288 2111 1327 dilata-

1120 1346 1196 1384 tur,
1216 1346 1254 1375 et
1280 1351 1318 1375 se
1341 1338 1540 1384 diffundit,
1561 1348 1599 1376 et
1618 1341 1786 1379 coelestes
1803 1345 1924 1393 replet
1940 1349 2112 1397 regiones

1117 1410 1163 1434 ex
1180 1397 1298 1434 odore
1314 1398 1468 1434 incensi.
1487 1399 1568 1435 Illic
1597 1412 1637 1435 se
1667 1399 1794 1437 liberae
1825 1405 1990 1443 veritatis
2010 1421 2111 1446 aurae

1121 1458 1326 1502 immiscet,
1361 1467 1397 1494 et
1428 1459 1653 1496 confundit:
1675 1469 1712 1496 et
1741 1475 1824 1510 quae
1853 1465 1975 1513 primo
1995 1467 2042 1503 ad
2073 1481 2112 1506 se

1122 1517 1245 1553 anima
1277 1517 1356 1567 ipsa
1387 1525 1580 1554 contracta
1613 1527 1690 1565 051,
1724 1520 1776 1557 1111
1807 1526 1962 1561 rarescit
1985 1535 2021 1563 01
2053 1537 2110 1565 at-

1121 1584 1295 1613 tenuatur
1323 1585 1360 1613 et
1392 1576 1538 1622 deficit,
1565 1590 1745 1628 suspensa
1774 1589 1810 1616 et
1840 1584 2046 1632 suspiciens
2073 1588 2111 1624 in

1117 1636 1278 1673 excelso.

1171 1697 1205 1732 7.
1226 1695 1356 1733 Oratio
1382 1696 1600 1746 utriusque,
1630 1706 1668 1734 01
1695 1700 1880 1748 myrrhae,
1907 1711 1943 1740 et
1973 1704 2112 1753 thuris,

65 1759 123 1799 te,
141 1760 181 1789 et
198 1752 291 1789 tuin
311 1751 396 1788 illis.
413 1754 618 1801 Propterea
631 1753 772 1787 vadam
787 1752 891 1796 milei,
913 1752 1050 1800 inquis,
1071 1757 1097 1793 C
1121 1754 1367 1791 ministerium
1387 1755 1526 1804 explet.
1549 1757 1700 1794 Orantis
1724 1758 1899 1797 affectum
1926 1763 1963 1799 in
1982 1765 2113 1813 primis

64 1813 119 1848 ad
144 1814 254 1849 colles
279 1813 406 1848 elmi-is.
427 1811 522 1849 Veni
542 1823 655 1860 ergo,
690 1811 852 1848 Domine
869 1839 878 1856 ,
901 1811 989 1848 veni
1018 1820 1055 1848 et

65 1871 143 1907 noli
164 1870 333 1915 tardare,
363 1870 450 1907 veni
481 1878 518 1906 et
539 1882 585 1906 ne
606 1870 790 1906 transilias
818 1871 932 1907 colles
951 1870 1052 1907 istos.

63 1929 165 1977 Quid
183 1930 214 1967 si
237 1938 274 1967 et
295 1929 342 1967 ad
367 1938 402 1966 te
426 1929 639 1966 transiliunt
659 1929 773 1965 colles
792 1929 938 1966 thuris?
970 1933 1055 1966 Mo-

64 1987 160 2026 biles
178 1997 266 2026 sunt
283 1997 429 2026 montes
445 1988 608 2037 myrrhae
623 2016 633 2034 ,
652 1997 690 2025 et
705 1989 820 2025 colles
841 1989 972 2036 thuris,
991 1988 1057 2026 ubi

64 2049 145 2098 ipse
166 2048 374 2086 adveneris.
395 2047 597 2095 Quomodo
615 2061 692 2083 non
721 2047 899 2091 mobiles,
923 2048 987 2096 qui
1009 2048 1054 2083 li·

64 2115 260 2156 quescunt,
277 2107 342 2156 qui
362 2106 504 2152 fluunt,
525 2106 592 2155 qui
609 2106 811 2155 fumigant,
832 2106 898 2155 (1111
921 2118 1054 2142 050011-

64 2165 160 2203 dunt
187 2166 283 2203 sicut
313 2165 436 2202 fumus
453 2173 663 2202 aromatum
683 2165 721 2201 in
747 2173 952 2214 conspectu
972 2167 1053 2201 Do-

65 2224 156 2262 mini
186 2224 232 2261 de
264 2237 379 2261 manu
413 2226 499 2260 tua?
528 2223 631 2261 Vade
656 2236 746 2274 ergo
778 2223 844 2260 tibi
869 2223 916 2260 ad
939 2223 1054 2261 colles

66 2284 206 2332 thuris;
235 2283 299 2321 ubi
333 2284 484 2321 incensa
513 2284 629 2320 multa
661 2292 768 2329 sunt,
802 2282 868 2320 ubi
901 2283 1053 2320 incensa

64 2353 198 2382 cuncta
217 2353 303 2382 sunt
330 2357 339 2379 ε
370 2357 456 2381 110111
485 2344 523 2380 111
544 2343 640 2380 00110
660 2343 778 2379 thuris
805 2343 856 2379 nil
888 2343 969 2379 sine
999 2343 1054 2379 in-

63 2416 187 2442 censo.
208 2407 366 2442 Incensa
382 2403 461 2439 haec
478 2402 565 2439 data
588 2401 654 2438 tibi
669 2410 758 2439 sunt
770 2430 779 2448 ,
805 2401 891 2439 ideo
907 2401 993 2439 veni
1012 2410 1055 2438 ut

67 2462 217 2501 adoleas
231 2475 275 2500 ea
290 2463 329 2500 in
348 2470 552 2512 conspectu
573 2470 649 2499 tuo.

1120 1813 1284 1863 colligit,
1306 1822 1343 1850 et
1368 1814 1516 1863 stringit
1538 1814 1575 1851 in
1600 1828 1638 1852 se
1658 1816 1780 1865 ipsum
1805 1832 1812 1854 :
1836 1818 2014 1870 deinceps
2039 1823 2114 1860 dif-

1121 1872 1243 1908 fundit
1275 1880 1313 1908 et
1344 1872 1573 1909 transfundit
1601 1874 1638 1909 in
1670 1878 1803 1911 Deum.
1822 1878 1920 1924 Quid
1948 1882 2113 1929 myrrhae

1120 1931 1279 1967 similius
1294 1958 1303 1975 ,
1328 1929 1392 1966 ubi
1415 1939 1516 1966 tanta
1536 1931 1573 1966 in
1599 1931 1764 1968 divinam
1787 1935 1966 1973 unionem
1990 1946 2112 1977 trans-

1122 1989 1245 2026 fusio?
1272 1989 1362 2037 quid
1393 1990 1546 2026 incenso
1571 1990 1745 2038 similius,
1769 1992 1834 2029 ubi
1864 2003 1967 2033 tanta
1995 1998 2112 2037 divini

1121 2047 1315 2096 cujusdam
1348 2061 1478 2085 sensus
1515 2048 1688 2086 diffusio?
1718 2055 1809 2088 Jure
1841 2061 1917 2090 tota
1955 2057 2112 2105 pulchra

1120 2115 1276 2142 vocatur
1304 2115 1341 2142 et
1368 2106 1448 2142 sine
1468 2108 1630 2154 macula,
1653 2121 1766 2158 quam
1797 2114 1979 2151 orationis
1997 2117 2113 2155 ardor

1120 2164 1332 2210 incanduit,
1351 2178 1463 2213 quam
1479 2166 1663 2203 coloravit
1679 2176 1717 2204 et
1733 2170 1932 2209 candidam
1950 2175 2115 2214 reddidit

1121 2223 1263 2260 candor
1289 2223 1381 2260 lucis
1408 2232 1570 2261 aeternae.
1603 2227 1692 2262 Tota
1716 2230 1877 2275 pulchra
1902 2246 1960 2278 es,
1990 2240 2115 2272 tunica

1120 2296 1223 2327 mea,
1246 2291 1282 2318 et
1301 2286 1451 2319 macula
1467 2298 1540 2320 non
1563 2295 1616 2322 est
1639 2290 1676 2322 1'11
1702 2297 1748 2324 te.
1772 2291 1861 2326 Tota
1876 2293 2039 2339 pulchra
2058 2310 2109 2341 cs,

1120 2341 1207 2391 quia
1235 2350 1311 2378 tota
1341 2342 1499 2392 pulchra
1528 2357 1567 2380 05
1598 2345 1666 2382 hac
1698 2346 1791 2384 hora
1810 2351 1993 2398 maxime,
2019 2353 2113 2392 hora

1119 2401 1316 2447 orationis,
1337 2401 1431 2438 hora
1447 2403 1604 2440 incensi.
1632 2407 1721 2441 Tota
1732 2410 1893 2455 pulchra
1909 2425 1966 2458 es,
1985 2419 2112 2451 amica

1120 2474 1223 2506 mea,
1254 2470 1331 2496 tota
1355 2463 1514 2510 pulchra
1542 2478 1602 2508 ως
1627 2466 1714 2514 quia
1744 2475 1820 2504 1010
1852 2470 1970 2507 0111100
1992 2484 2048 2519 05,
2077 2484 2113 2511 01

116 2523 154 2559 6.
175 2523 318 2558 Vadam
346 2522 436 2557 mila·
463 2523 516 2557 ad
542 2530 701 2557 montem
731 2521 910 2568 niyrrhoe,
944 2530 978 2556 et
1004 2521 1101 2556 adD
1119 2520 1199 2556 solo
1231 2521 1371 2557 amoris
1400 2522 1565 2559 candens
1592 2524 1742 2561 affectu.
1764 2528 1852 2562 Tam
1869 2532 2030 2576 pulchra
2057 2547 2110 2579 es,

65 2584 192 2618 collem
211 2582 336 2618 thuris.
359 2583 452 2617 Veni
471 2583 517 2616 cle
533 2580 678 2617 Libano
689 2609 700 2626 ‚
718 2585 816 2616 veni.
831 2584 913 2617 Jam
929 2580 1056 2616 exclu-

65 2653 147 2677 sum
163 2648 219 2678 est
235 2653 302 2678 cur
320 2640 433 2677 vadat
453 2655 461 2677 ε
484 2640 618 2689 utquid
638 2640 758 2686 0111111,
779 2640 849 2677 11151
868 2648 909 2676 111
926 2648 1054 2685 vocet,

66 2707 109 2736 ut
129 2699 263 2745 intret,
295 2707 336 2736 ut
355 2699 474 2744 (11001,
504 2699 621 2736 Veni?
638 2703 732 2736 Ecce
749 2712 860 2748 quam
888 2698 1031 2735 bonum
1046 2727 1055 2744 ,

71 2766 109 2795 01
119 2771 231 2808 quam
242 2756 454 2807 jucundum
471 2757 640 2795 habitare
659 2757 697 2794 in
713 2757 872 2795 collibus
892 2758 989 2803 istis,
1010 2757 1056 2794 ad

66 2831 162 2868 quos
180 2816 345 2856 Verbum
360 2818 430 2854 Dei
454 2817 576 2864 vadit,
598 2831 694 2867 quos
717 2818 844 2854 revisit
865 2833 872 2854 :
895 2817 942 2854 de
967 2817 1055 2867 qui-

66 2876 138 2915 bus
157 2889 332 2927 sponsam
349 2885 478 2924 vocat,
495 2885 533 2914 et
553 2885 664 2914 vocat
682 2876 729 2914 ad
751 2891 930 2914 coronam
946 2880 952 2913 !
980 2880 1053 2912 Ve-

68 2940 126 2982 ni,
146 2936 286 2986 inquit,
308 2938 354 2973 de
369 2936 531 2981 Libano,
553 2941 660 2982 veni,
681 2936 926 2973 coronaberis.
948 2935 1055 2973 Liba-

69 3007 139 3032 nus
157 2994 359 3032 candorem
389 3004 508 3032 sonat.
535 2995 675 3044 Quidni
694 2995 878 3032 candidus
904 2995 950 3031 (le
971 2995 1056 3031 nive

68 3055 232 3092 coelesti?
254 3057 335 3091 Non
352 3055 450 3092 enim
471 3057 633 3104 dcficict,
653 3056 749 3093 510111
767 3055 967 3100 scribitur,
990 3057 1057 3091 nia:

69 3117 116 3151 de
143 3113 322 3152 Liba1103.
345 3115 414 3152 Nix
442 3115 502 3152 illa
531 3129 614 3165 quae
647 3115 839 3152 descendit
867 3115 912 3150 (10
941 3114 1055 3158 00010,

119 3246 128 3261 ¹
149 3242 247 3283 Apoc.
265 3253 296 3279 v,
314 3245 342 3273 8.
364 3262 393 3264 —
423 3241 635 3279 ⁷1d.x¹11,='1.
653 3261 692 3265 -
714 3239 968 3278 3.11“1·1“111.Χ1’111,
994 3244 1041 3271 11.
1062 3260 1074 3261 ἡ

1120 2587 1158 2615 01
1191 2579 1271 2615 51110
1298 2581 1464 2626 macula,
1495 2583 1683 2631 peregrini
1720 2585 1770 2620 nil
1804 2586 1945 2625 liabens
1977 2591 2115 2629 coloris

1121 2637 1345 2674 admixtum.
1386 2641 1479 2674 l'em'
1508 2642 1554 2675 (lc
1575 2641 1717 2676 Libano
1734 2671 1745 2687 ‚
1768 2649 1856 2679 vem'
1883 2648 1930 2680 de
1952 2648 2115 2695 Lt'lmm),

1121 2702 1210 2734 veni
1227 2699 1271 2733 de
1288 2697 1441 2734 Libano.
1465 2702 1483 2733 Ι
1492 2701 1557 2735 'cm'
1573 2702 1620 2735 de
1639 2701 1798 2746 Libano,
1820 2705 1907 2752 quia
1928 2708 2006 2744 sinc
2031 2723 2113 2747 ina-

1123 2756 1205 2793 011Ιο
1222 2769 1260 2793 05
1281 2771 1288 2792 ;
1305 2761 1392 2792 veni
1415 2759 1460 2792 de
1486 2758 1651 2803 Libano,
1669 2761 1756 2809 quia
1780 2769 1854 2798 tota
1874 2777 1913 2800 05
1928 2766 2082 2815 pulchra
2106 2784 2114 2806 :

1120 2819 1208 2851 veni
1220 2817 1266 2850 (lc
1282 2815 1438 2861 Libana,
1453 2817 1541 2865 quia
1557 2818 1667 2867 1110110
1681 2819 1765 2856 1010.
1790 2823 1882 2857 ch'
1895 2826 1941 2860 dc
1955 2826 2114 2872 Libano,

1120 2887 1166 2911 cx
1185 2882 1265 2911 toto
1287 2875 1470 2912 illustrata
1491 2891 1498 2912 ε
1520 2882 1608 2913 vem·
1630 2880 1677 2913 de
1694 2879 1857 2925 Libano,
1883 2896 2014 2923 carens
2035 2888 2114 2924 cul-

1121 2947 1168 2983 pa
1195 2947 1202 2968 :
1230 2939 1318 2970 veni
1348 2937 1395 2970 de
1416 2935 1558 2972 Libano
1579 2945 1615 2973 01
1635 2938 1799 2976 0011(10115
1827 2943 1944 2990 gratia
1970 2959 1978 2980 τ
2002 2953 2086 2982 veni
2101 2976 2109 2987 .

1123 2993 1365 3030 coronaberis.
1390 2995 1489 3031 Felix
1520 2997 1676 3033 omnino
1706 3000 1770 3048 qui
1795 3000 1841 3036 (10
1863 3002 2006 3039 Libano
2027 3019 2117 3042 can-

1124 3052 1245 3089 ‹lcntis
1276 3053 1450 3098 affectus,
1479 3054 1525 3090 (Ιι-
1557 3056 1651 3091 collo
1688 3057 1825 3104 thuris,
1859 3060 1904 3096 (11·
1936 3064 2116 3100 ιιι-01101115

1127 3112 1279 3147 intenta·
1306 3113 1412 3162 copia
1436 3122 1591 3151 meatur
1622 3116 1667 3152 ad
1689 3131 1880 3155 coronam.
1907 3123 2026 3162 fulix,
2059 3124 2115 3158 iu-

1119 3241 1131 3264 *l
1151 3241 1218 3270 lsai.
1244 3251 1294 3275 iv,
1321 3245 1370 3270 11.
