2418 3949
169 233 178 267 l
190 232 264 268 :309

162 310 295 359 saepius
316 322 384 358 per
404 310 588 345 occultam
610 309 894 358 inspirationem
906 338 915 354 ,
932 309 1068 358 saepius
1086 308 1176 359 perG

880 234 943 269 Dr:
973 233 1098 270 DISCI
1105 233 1240 270 PULIS
1270 236 1485 271 EMMAUS.

2108 238 2210 273 1310

1203 309 1210 325 ¹
1274 311 1334 347 21.
1361 313 1566 359 Cnegerunt
1585 325 1681 348 cum.
1707 316 1759 349 Ne
1776 313 1920 349 mireris
1934 341 1942 353 ,
1965 313 1994 349 si
2015 314 2090 350 vim
2111 316 2210 363 pati—

160 370 363 418 Scripturce
385 381 499 405 sacrae
528 369 746 414 lectionem,
775 369 884 405 talem
907 369 1093 405 tristitiam
1115 369 1152 404 in
1170 371 1198 402 A
1222 377 1282 405 tur
1303 382 1458 418 regnum
1477 371 1659 407 coelorum
1674 400 1683 416 ‚
1702 371 1856 420 quando
1876 381 1914 408 et
1927 373 2007 422 ipse
2026 375 2211 410 Dominus

156 427 320 476 jubilum
337 429 430 464 solet
444 437 689 464 commutare.
705 430 737 463 Ο
749 432 871 472 stulti,
887 438 920 464 et
935 430 1034 463 tardi
1049 430 1156 463 corde

159 489 212 521 nd
234 488 483 522 credendum!
503 487 687 536 Cogitanti
708 487 797 523 mihi
818 487 1054 523 dulcedinem
1079 487 1154 523 liu-

156 545 218 594 jus
239 547 527 596 increpationis,
546 546 636 582 flere
653 548 769 596 magis
786 546 875 583 libet
888 561 998 595 quam
1015 545 1155 595 aliquid

159 605 306 650 dicere,
339 606 426 654 quia
457 605 610 654 quidam
642 607 789 642 mirifici
819 607 947 642 odoris
968 606 1154 642 balsamus

159 666 293 714 perflat
308 667 471 702 areolam
489 667 624 703 mentis
641 680 746 702 mcae.
762 668 961 716 Disputare
975 680 1059 703 cum
1076 671 1153 703 Deo

159 726 291 774 cupio;
309 739 387 762 non
401 726 552 774 quidem
574 739 621 762 cx
630 727 856 775 aequalitate,
877 727 941 763 sed
954 740 1152 776 exponen-

158 784 208 819 do
230 784 461 834 fragilitatem
490 786 663 821 humanae
690 786 940 822 conscientiae.
968 787 1149 830 Domine,

157 844 304 891 quoties
325 844 507 892 passionis
525 852 596 880 tuae
614 844 901 880 amaritudinem
920 846 955 880 in
975 843 1153 881 cordibus

159 903 297 939 nostris
316 904 570 947 ruminamus,
595 905 705 940 toties
724 903 771 940 de
796 904 904 941 nobis
935 904 1151 954 expavesci-

159 975 260 1008 mus3
281 964 368 1012 quia
398 964 534 1000 dedisti
565 963 818 1000 metuentibus
845 973 879 1000 te
910 964 1151 1013 significatio-

158 1036 242 1059 nem
257 1051 266 1068 ,
291 1032 330 1060 ut
351 1024 492 1073 fugiant
513 1038 533 1060 a
558 1025 648 1061 facie
669 1037 778 1060 arcus
795 1030 817 1060 ¹.
840 1024 875 1060 Si
895 1025 994 1060 enim
1015 1037 1060 1059 ex
1083 1023 1153 1059 hoc

1221 442 1366 469 eorum.
1389 430 1426 467 Si
1458 431 1572 479 igitur
1604 431 1764 479 quadam
1796 433 1958 468 naturali
1990 433 2127 470 duritia
2149 448 2216 471 cor

1222 497 1327 525 tuum
1363 491 1523 527 senseris
1548 491 1793 536 indevotum;
1829 492 1926 528 insta
1954 493 2211 539 orationibus,

1220 548 1373 584 intende
1396 549 1721 595 meditationibus,
1753 564 1861 588 curre
1888 552 1951 588 ubi
1970 561 2024 588 est
2049 554 2211 603 impetus

1220 607 1393 656 spiritus,
1419 622 1465 645 ne
1495 623 1686 646 assensum
1715 611 1816 646 carni
1841 610 1999 647 dederis.
2029 616 2162 661 Ingere
2178 622 2212 649 te

1220 666 1354 715 vigiliis
1369 695 1378 711 ‚
1400 681 1469 717 per
1491 669 1741 717 lacrymarum
1764 670 1977 706 violentiam
2000 672 2108 706 vince
2130 675 2212 708 Do-

1219 727 1362 763 minum
1382 729 1603 776 majestatis,
1622 737 1658 764 et
1678 729 1737 765 dic
1766 730 1798 764 ei
1830 744 1836 765 :
1864 732 1981 765 Mane
2003 730 2210 772 nobiscnm,

1217 787 1374 822 Domine
1392 815 1401 831 ,
1436 793 1614 835 (litaniam
1647 791 1946 837 advesperascit,
1981 800 2017 825 et
2050 794 2214 825 int-linn-

1217 853 1258 879 ια
1287 855 1340 880 esc
1359 852 1445 892 jam
1475 849 1563 884 dies.
1594 851 1700 884 Hanc
1726 848 1928 884 clausulam
1955 850 2212 897 multipliciter

1219 916 1418 952 possumus
1445 906 1674 955 intelligere,
1700 915 1737 943 et
1760 907 1798 943 in
1823 920 1866 943 ca
1898 908 2034 944 multas
2063 908 2213 944 delicias

1218 963 1402 1001 invenire.
1425 969 1545 1001 Mane
1563 966 1748 1002 nobiscnm
1759 994 1770 1010 ,
1790 971 1966 1014 (sicaniam
1992 970 2214 1015 advespera-

1219 1028 1297 1059 scit.
1318 1027 1410 1061 Cum
1430 1038 1697 1075 prosperamus
1714 1026 1751 1062 in
1766 1027 1948 1062 virtutum
1968 1026 2211 1068 successibus,

158 1082 302 1118 mundo
321 1084 484 1120 transisti
505 1084 550 1119 ad
570 1088 716 1120 Patrem
737 1096 820 1119 cnm
837 1083 947 1118 tantis
968 1082 1146 1118 cruciati—
1168 1082 1192 1115 B
1213 1081 1249 1117 in
1265 1082 1326 1119 die
1337 1097 1486 1120 sumus:
1502 1098 1587 1120 cnm
1604 1097 1673 1121 nos
1686 1083 2211 1121 obnubilanttribulationum

156 1140 248 1187 bus,
271 1143 362 1192 quid
384 1145 446 1179 liet
473 1143 519 1179 de
538 1143 649 1180 nobis
669 1142 959 1193 peccatoribus?
977 1143 1017 1176 Si
1038 1147 1075 1177 in
1094 1147 1154 1177 vi-

155 1204 228 1236 ridi
246 1205 346 1250 ligno
365 1204 445 1238 tuec
459 1203 581 1248 fiunt,
607 1208 645 1238 in
669 1205 776 1238 arido
801 1203 1032 1250 qnidfict2?
1053 1206 1152 1238 Dum

155 1260 246 1296 tales
266 1261 301 1296 in
323 1262 494 1297 oratione
514 1261 706 1298 fundimus
722 1261 999 1310 querimonias,
1019 1274 1153 1297 conso·

155 1320 252 1356 latur
266 1333 334 1357 nos
348 1321 508 1358 dulciter
524 1322 757 1371 increpando
778 1321 838 1357 illa
853 1335 941 1357 vera
957 1329 993 1357 et
1007 1334 1152 1357 summa

153 1379 314 1417 charitas
331 1394 398 1430 per
414 1382 692 1430 Scripturarnm
707 1382 968 1418 anctoritatem
981 1411 989 1427 ‚
1004 1395 1067 1418 scu
1083 1394 1153 1431 per

154 1440 336 1476 occultam
359 1441 657 1490 inspirationem.
683 1439 781 1488 Quid
802 1440 848 1476 de
875 1453 957 1476 mea
977 1441 1150 1489 passione

154 1507 227 1534 tam
253 1500 376 1536 tristes
399 1500 511 1536 estis?
533 1500 655 1537 Nolite
676 1500 829 1544 timere,
851 1500 1008 1548 pusillus
1033 1513 1122 1549 grex
1137 1528 1148 1543 ‚

154 1571 285 1606 passus
308 1571 410 1604 suni,
432 1567 473 1596 ut
493 1573 559 1595 vos
577 1560 780 1608 gaudeatis.
801 1560 1062 1596 Thesaurizavi
1083 1573 1149 1595 vo-

153 1616 211 1654 bis
243 1618 437 1654 thesauros
463 1617 745 1665 exsultationis,
780 1620 867 1668 quia
899 1619 1149 1656 thesaurizare

153 1676 294 1714 debent
314 1686 490 1727 parentes
512 1679 607 1715 filiis.
628 1680 763 1716 Omnia
779 1674 876 1715 enim
895 1693 1011 1729 opera
1028 1688 1149 1716 vestra

153 1746 332 1786 operatus
347 1750 428 1774 sum
441 1736 550 1774 vobis
563 1767 572 1782 ,
595 1739 783 1774 resurrexi
800 1746 841 1774 ut
853 1737 1036 1787 jubiletis.
1055 1739 1148 1775 Dico

155 1795 282 1842 vobis,
300 1809 367 1833 cur
386 1810 461 1833 non
478 1797 650 1834 creditis?

1219 1143 1424 1191 angustiae,
1453 1144 1586 1193 incipit
1618 1143 1728 1180 nobis
1753 1143 2065 1192 advesperascere
2090 1157 2098 1180 :

1219 1202 1366 1239 tristitia
1406 1216 1474 1239 nos
1511 1203 1732 1247 confundit,
1775 1202 1885 1239 nobis
1918 1202 2208 1252 advesperascit.

1218 1263 1265 1297 Et
1288 1261 1377 1310 quia
1402 1262 1446 1297 ad
1472 1270 1506 1298 te
1536 1262 1793 1311 confugimus,
1816 1262 1881 1310 qui
1908 1262 2009 1298 solus
2045 1262 2212 1299 laborem

1218 1328 1255 1355 et
1281 1320 1453 1357 dolorem
1485 1321 1726 1366 consideras;
1751 1335 1861 1357 mane
1885 1321 2096 1364 nobiscnm,
2124 1337 2213 1370 (sna-

1215 1386 1319 1416 niam
1349 1383 1633 1429 advesperascit.
1664 1386 1746 1418 Jam
1777 1382 1936 1417 veniunt
1959 1395 2066 1430 aquae
2092 1395 2209 1431 usquc

1216 1440 1262 1476 ad
1290 1442 1451 1477 animam
1470 1470 1479 1487 ,
1501 1441 1578 1490 jam
1600 1441 1815 1478 devotionis
1842 1441 1984 1477 deliciae
2010 1450 2211 1478 vertuntur

1215 1500 1252 1536 in
1281 1501 1489 1547 miseriam,
1516 1501 1591 1550 jam
1622 1514 1753 1538 omnes
1782 1502 1939 1550 angulos
1972 1502 2108 1538 mentis
2135 1515 2207 1537 no·—

1215 1567 1300 1595 strae
1337 1569 1470 1596 ventus
1507 1561 1722 1597 tentationis
1758 1560 1925 1596 concutit
1960 1574 1966 1594 ;

1215 1620 1377 1665 hiscum,
1413 1626 1588 1668 quoniam
1619 1623 1902 1669 advesperascit.
1937 1623 1990 1656 Tu
2026 1619 2210 1656 tribulatis

2126 1158 2210 1180 cnm

1997 1574 2107 1594 illatis*
2140 1574 2209 1594 tlo-

1216 1679 1396 1717 cordibus
1421 1694 1460 1717 es
1480 1681 1738 1730 refrigerium,
1761 1689 1798 1716 tu
1821 1680 2026 1728 refugium,
2049 1688 2087 1715 tu
2112 1680 2210 1716 sola-
2237 1684 2240 1687 ⁴

1216 1741 1307 1777 tium
1332 1755 1340 1777 :
1364 1749 1427 1777 tua
1459 1749 1514 1777 est
1548 1741 1735 1791 potentia,
1765 1748 1871 1776 tuum
1904 1747 1961 1775 est
1994 1739 2206 1788 imperium.

1214 1800 1353 1836 Intenti
1374 1807 1461 1835 sunt
1480 1798 1525 1835 ad
1547 1807 1582 1835 te
1610 1799 1709 1835 oculi
1732 1799 1900 1834 omnium
1919 1826 1927 1843 ,
1951 1806 1986 1833 te
2009 1797 2129 1834 solum
2156 1798 2208 1833 si-

210 1856 270 1893 20.
286 1859 474 1904 Incipiens
494 1870 519 1892 (ι
534 1858 663 1903 Moyse
680 1866 715 1892 et
741 1858 949 1904 Prophetis,
973 1862 1147 1906 intmpre-
1169 1863 1196 1899 C
1215 1859 1309 1895 tiens
1328 1859 1452 1895 anima
1472 1858 1704 1907 concupiscit
1723 1871 1730 1893 :
1755 1871 1864 1892 inane
1884 1855 2070 1891 nobiscum
2089 1885 2096 1899 ‚
2112 1869 2206 1903 quo-

152 1915 301 1950 !abatm·
331 1918 402 1951 illis
421 1921 459 1950 iti
479 1916 648 1951 ominbus
662 1920 877 1964 .S'criptm·is‚
899 1931 984 1965 qua?
1003 1920 1048 1952 (lc
1069 1925 1147 1965 ipso

151 1984 269 2011 erant.
301 1976 402 2012 Beati
433 1976 497 2024 qui
527 1985 715 2012 noverunt
745 1984 855 2024 gustu
888 1977 1002 2012 felicis
1029 1990 1148 2027 expe—

152 2034 315 2081 rientiae‚
349 2047 460 2084 quam
493 2035 673 2080 dulciter,
710 2048 822 2084 qnam
857 2035 1079 2072 mirabiliter
1109 2036 1145 2072 in

149 2095 321 2132 oratione
362 2104 400 2132 et
438 2095 682 2132 meditatione
724 2096 937 2145 Scripturas
972 2096 1147 2146 dignatur

150 2155 336 2192 Dominus
358 2156 538 2192 revelare.
562 2159 606 2192 Et
634 2155 785 2205 quidem
814 2156 1050 2192 scientiarum
1073 2156 1146 2191 do·

151 2213 274 2250 minus
296 2223 375 2260 est3
396 2223 520 2264 potest
540 2228 622 2259 cas,
648 2215 678 2251 si
703 2216 888 2261 voluerit,
912 2215 1143 2265 dispensare.

152 2276 340 2322 Incipiens
359 2288 381 2309 a
402 2276 530 2320 ll‘loyse
549 2284 585 2310 et
603 2276 811 2323 Prophetis,
836 2274 1146 2323 interpretabatur

149 2335 227 2368 iltis
245 2338 284 2369 in
307 2334 474 2369 munibus
492 2336 714 2383 Scripturis·‚
746 2349 834 2383 quoe
855 2338 902 2370 cle
919 2340 998 2384 ipso
1022 2344 1138 2370 erant.

151 2395 239 2428 Haec
257 2393 359 2439 facit,
377 2394 532 2443 quando
545 2395 660 2431 corda
683 2403 810 2431 nostra
830 2395 1017 2431 illuminat
1032 2395 1145 2431 radiis

148 2450 349 2488 charitatis.
371 2453 438 2489 Ille
466 2461 566 2489 tenet
594 2461 631 2489 ct
657 2466 741 2502 quae
762 2454 902 2500 latent,
922 2462 959 2490 ct
974 2466 1058 2502 quae
1078 2467 1145 2503 pa-

150 2517 229 2546 tent
248 2511 286 2547 in
307 2511 445 2548 divinis
464 2512 720 2559 sermonibus,
743 2514 808 2562 qui
828 2514 1047 2550 charitatem
1066 2526 1144 2549 ser-

148 2577 211 2606 vat
248 2571 284 2606 in
327 2571 507 2609 moribus.
542 2576 584 2609 In
624 2573 704 2610 sola
734 2573 936 2610 dilectione
976 2573 1145 2623 pendent

1214 1923 1313 1954 niam
1337 1921 1623 1966 advesperascit.
1648 1917 1734 1953 Sine
1757 1925 1792 1952 te
1819 1916 1908 1952 nibil
1931 1928 2132 1964 possumus
2155 1917 2207 1951 sa-

1213 1991 1308 2015 cere.
1337 1981 1392 2014 Tu
1413 1978 1514 2013 solus
1537 1976 1702 2013 carmina
1730 1976 1795 2012 das
1824 1976 1861 2011 in
1884 1983 2012 2019 nocte3
2034 1982 2072 2010 tu
2096 1975 2206 2010 turris

1213 2051 1251 2075 es
1277 2037 1508 2074 fortitudinis
1532 2051 1551 2073 a
1575 2037 1665 2073 facie
1695 2035 1917 2072 tribulantis.
1946 2038 2034 2071 Tuae
2058 2035 2206 2083 pietatis

1212 2098 1343 2134 oculus
1373 2097 1470 2133 circa
1497 2109 1540 2133 ea
1568 2109 1652 2145 quae
1691 2095 1761 2131 sub
1791 2095 1884 2131 coelo
1908 2102 1995 2130 sunt
2025 2094 2204 2142 respicit:

1213 2170 1321 2192 mam:
1345 2156 1550 2199 nobiscum,
1570 2160 1750 2204 qnoniam
1771 2158 2057 2202 advesperascit.
2088 2156 2158 2190 Per
2173 2161 2206 2188 te

1212 2216 1405 2264 consurgit
1431 2214 1540 2251 nobis
1565 2214 1611 2251 ad
1641 2226 1840 2263 vesperum
1872 2214 1994 2262 fulgor
2028 2212 2206 2248 meridia-

1211 2287 1295 2319 nus,
1314 2282 1351 2311 et
1370 2274 1515 2310 orimur
1536 2282 1578 2309 ut
1596 2273 1747 2318 lucifer,
1766 2286 1849 2309 cum
1871 2285 1939 2308 nos
1960 2281 2206 2321 consumptos

1209 2342 1408 2384 putamus3
1427 2346 1502 2369 non
1519 2332 1766 2368 confunditur
1781 2332 1904 2368 omnis
1923 2332 1988 2380 qui
2007 2333 2043 2368 in
2064 2341 2098 2368 te
2117 2345 2206 2368 con-

1211 2394 1292 2430 fidit
1311 2408 1319 2429 :
1339 2407 1448 2428 mane
1474 2392 1661 2428 nobiscum
1673 2421 1684 2436 ,
1717 2398 1891 2441 quoniam
1921 2394 2202 2440 advesperascit.

1211 2455 1391 2491 Inclinata
1411 2462 1466 2490 est
1492 2452 1569 2502 jam
1591 2453 1694 2498 dies,
1727 2453 1810 2489 sacti
1838 2461 1925 2488 sunt
1946 2452 2091 2501 vesperi
2120 2452 2205 2487 lou-

1209 2515 1333 2564 giores
1361 2529 1369 2550 z
1404 2514 1492 2563 quia
1525 2513 1855 2563 appropinquante
1887 2512 2015 2548 mundi
2045 2512 2205 2548 termino

1211 2574 1508 2624 superexcrescit
1530 2574 1727 2623 iniquitas,
1746 2582 1782 2610 ct
1804 2573 1963 2609 charitas
1988 2573 2205 2621 refrigescit.

148 2631 298 2676 Moyses
324 2638 361 2665 et
387 2631 585 2679 Proplietae
604 2630 628 2667 ³.
664 2635 768 2667 Tunc
795 2633 1146 2682 appropinquamus
1165 2639 1196 2672 D
1211 2637 1263 2671 Ne
1283 2633 1544 2682 exstinguatur
1563 2633 1599 2668 in
1619 2641 1728 2668 nocte
1756 2632 1907 2667 lucerna
1926 2639 2072 2674 nostra3
2097 2644 2206 2664 mam·

148 2688 300 2724 castello
314 2702 390 2737 quo
409 2689 595 2726 tendimus
608 2719 617 2736 ,
632 2691 718 2739 quia
733 2704 802 2740 per
815 2692 1041 2728 infusionem
1060 2692 1143 2728 clia-

150 2747 268 2784 ritatis
294 2748 545 2786 desideratum
571 2751 655 2787 vitre
680 2751 877 2787 consilium
913 2751 1140 2787 obtinemus.

150 2810 232 2856 Ipse
254 2817 376 2843 autem
393 2812 518 2856 finxit
540 2824 577 2844 se
597 2813 740 2858 longius
765 2814 828 2846 ire.
853 2811 957 2853 Dixi,
982 2812 1143 2859 Sapit-ns

149 2867 309 2911 efficiar:
322 2877 356 2903 et
372 2873 453 2915 ipsa
468 2874 656 2918 sapientia
679 2875 822 2905 recessit
842 2872 986 2916 langius
997 2885 1020 2904 a
1035 2871 1114 2905 mffl
1131 2873 1138 2905 !

147 2927 345 2977 Incipienti
378 2928 547 2966 difficiles
575 2931 645 2966 viae
677 2931 826 2967 Domini
858 2930 1049 2974 videntur,
1079 2930 1142 2967 sed

148 2988 314 3023 curritur
324 3001 392 3037 per
407 3001 468 3024 eas
479 3018 486 3030 ,
502 2989 591 3025 dum
606 3003 672 3026 cor
688 2991 844 3039 coeperit
857 2990 1016 3026 dilatari.
1031 2991 1141 3026 Unde

148 3056 184 3082 ct
211 3058 408 3096 coegerunt
429 3063 526 3086 cnm.
550 3053 631 3087 Non
662 3051 760 3086 enim
790 3051 922 3087 leviter
943 3050 989 3087 ad
1019 3051 1143 3100 perse-

148 3106 284 3143 ctionis
297 3108 445 3144 culmen
461 3110 670 3158 attingitur,
686 3110 750 3145 sed
767 3110 942 3160 paulatim
961 3110 1142 3145 virtutum

147 3165 325 3216 gradibus
351 3167 397 3203 ad
426 3168 570 3217 apicem
600 3169 791 3205 charitatis
823 3182 892 3218 per
926 3170 1142 3205 violentiam

150 3227 379 3273 pervenitur.

200 3356 206 3370 ¹
227 3352 378 3382 1‘‹.·1!.1.=x
393 3378 399 3389 ,
418 3358 448 3383 6.
467 3373 505 3376 -
532 3360 542 3375 ²
562 3359 635 3386 Luc.
652 3367 734 3385 xxiii
751 3380 758 3391 ‚
780 3360 833 3386 31.
855 3374 893 3378 —
913 3354 925 3377 3
943 3355 1056 3386 Mauh.
1076 3366 1145 3384 xxii
1164 3379 1170 3390 ,

1209 2693 1398 2728 nobiscum
1424 2721 1433 2736 ,
1474 2697 1650 2739 qnoniam
1690 2694 1972 2739 advesperawt.
2021 2694 2204 2738 Vcrgcutc

1208 2752 1338 2788 mundi
1359 2764 1536 2800 vespere,
1562 2751 1640 2787 sole
1659 2751 1814 2799 justitia¹
1831 2779 1839 2795 ,
1865 2751 1977 2797 frigus
1998 2749 2205 2797 iniquitatis

1208 2825 1326 2861 genus
1343 2811 1548 2847 humanum
1572 2810 1767 2859 opprimit.
1791 2814 1930 2847 Omnes
1951 2817 2109 2857 occupat
2129 2821 2202 2844 nox

1210 2872 1401 2922 perfidize,
1437 2871 1497 2907 lux
1531 2871 1696 2907 veritatis
1735 2870 1871 2906 delicit.
1911 2872 1962 2905 Nc
1989 2868 2205 2904 deficiamus

1210 2946 1294 2968 cum
1328 2930 1611 2975 (lelicicntil)us;
1644 2944 1754 2965 marne
1792 2929 1996 2973 nobiscnm,
2025 2934 2203 2976 qnoniam

1209 2994 1491 3039 ad«wspcrascit.
1524 2991 1616 3026 Vitae
1652 3003 1743 3025 mcae
1770 2989 1846 3037 jani
1876 2989 1985 3024 instat
2025 3000 2203 3036 vespera,

1210 3064 1348 3101 corpus
1368 3050 1555 3086 consumit
1573 3049 1755 3098 aegritudo
1781 3047 1990 3099 pervalida,
2006 3046 2083 3095 jam
2104 3060 2204 3082 uiui-s

1212 3110 1375 3145 minatur
1399 3121 1554 3157 aspera,
1588 3109 1702 3144 timor
1733 3117 1768 3144 ct
1800 3118 1940 3144 tremor
1972 3115 2086 3141 totam
2110 3118 2203 3140 cou-

1212 3169 1402 3205 scicutiam
1421 3168 1587 3204 concutit
1602 3196 1611 3211 ‚
1632 3166 1836 3204 terribilem
1858 3166 2080 3203 seutentiam
2099 3164 2204 3211 judi-

1212 3228 1257 3263 cii
1292 3227 1519 3276 pertimescit
1555 3242 1561 3262 :
1597 3226 1661 3262 scd
1701 3235 1764 3271 tu,
1799 3227 1978 3264 Domine.
2006 3225 2063 3259 cui
2101 3228 2205 3259 i‘atcr

1198 3358 1245 3385 w.
1263 3373 1278 3376 -ν
1318 3353 1330 3378 4
1351 3354 1447 3384 lica-lc.
1471 3365 1515 3382 vii
1533 3378 1539 3387 ,
1565 3357 1616 3384 2'«.
