2504 3928
333 191 378 226 75
1100 191 1388 226 GlLIAEBER'l'l
1418 193 1614 227 ABBATIS
2324 191 2372 227 70

1336 265 1368 282 ³⁰
1386 268 1623 316 penduntur;
1647 279 1722 302 non
1745 266 1859 302 modo
1887 267 1954 303 istc
1977 278 2182 316 corporeus
2209 265 2314 303 cibus
2337 274 2374 302 et

332 341 1322 353 ....................................................................
1338 329 1369 363 Λ
1387 326 1670 370 indumentum,
1699 326 1763 362 scd
1783 326 1892 362 ctiam
1923 326 2114 371 doctriua,
2139 325 2370 371 exhortatio,

631 469 880 525 SERMO
942 471 1014 526 X.

329 612 404 641 Non
421 608 572 640 dimittam
589 607 674 639 illum
685 631 694 645 ,
715 606 816 639 donec
832 607 1027 639 introducam
1041 608 1127 640 illum
1145 612 1177 641 in
1193 609 1316 642 domum

516 663 621 692 matris
639 673 724 692 mea:
745 663 863 694 Cautio.
877 673 945 705 cap.
966 674 1021 698 ιιι,
1040 661 1077 699 „iz
1099 666 1129 695 4.

750 791 901 804 —000-

385 918 414 953 1.
441 920 532 964 Qum
555 916 781 952 infirmitatis
801 917 974 966 exempla
994 925 1081 952 sunt
1105 917 1315 966 aptavimus

325 988 474 1025 sponsae
494 975 686 1025 pra‘tcrito
703 988 877 1011 sermone
896 991 902 1011 :
925 976 1108 1012 hodierno
1124 989 1208 1025 quae
1227 985 1316 1012 sunt

1385 386 1569 422 correctio
1581 415 1590 431 ,
1608 385 1815 422 consolatio
1828 414 1837 431 ,
1852 393 1889 421 et
1904 385 2077 421 universa
2094 398 2178 434 quae
2195 385 2309 422 solius
2324 384 2372 421 ad

1385 446 1518 481 animre
1535 445 1733 481 commoda
1753 453 1921 494 spectare
1938 445 2126 481 videntur.
2144 447 2267 494 Opera
2284 451 2372 481 sunt

1385 503 1462 540 haec
1479 504 1688 549 eharitatis,
1714 512 1751 539 et
1770 503 1951 540 orationis
1972 504 2047 539 vim
2071 502 2264 548 obtinent,
2285 515 2370 539 cum

1383 563 1498 599 solius
1516 564 1582 600 Dei
1602 565 1693 599 liunt
1714 563 1850 599 intuitu
1875 577 1882 599 :
1904 562 1968 599 sed
1989 575 2064 598 non
2082 570 2168 598 sunt
2191 561 2270 598 haec
2286 573 2372 610 spe-

1383 622 1488 658 cialia
1501 630 1536 658 et
1553 623 1706 672 propria
1720 623 1848 672 ipsius.
1863 621 1960 670 Quid
1974 623 2072 658 enim
2087 630 2158 658 tam
2174 621 2371 671 proprium

1383 695 1495 731 quam
1513 682 1649 718 dilecto
1670 683 1738 718 soli
1755 681 1968 727 intendere,
1987 689 2024 717 et
2041 680 2157 718 libere
2176 681 2215 717 in
2232 681 2371 717 amoris

1383 754 1421 778 se
1441 754 1616 777 exercere
1636 742 1810 790 negotio?
1835 740 1892 778 Ab
1915 741 1985 778 hoc
2013 740 2215 790 spiritualis
2233 739 2372 789 jucun-

1383 799 1508 836 ditatis
1536 813 1690 837 excessu
1723 809 1760 837 et
1789 800 1969 837 ebrietate
1998 799 2164 837 sobrium
2198 799 2299 844 lieri,
2333 807 2371 836 et

1381 867 1539 908 propter
1574 860 1756 896 fraternas
1792 859 2030 896 necessitates
2065 857 2112 894 ab
2148 857 2371 895 alienatione

1381 917 1515 953 mentis
1539 926 1766 967 temperare,
1794 917 1885 967 quid
1908 917 1976 953 nisi
1995 917 2141 952 vultum
2165 916 2203 952 in
2222 915 2370 952 diversa

1380 984 1524 1012 mutare
1540 978 1620 1013 cst?
1639 977 1810 1025 Denique
1827 985 1864 1012 ct
1880 976 2025 1012 Martha
2041 975 2199 1012 sollicita
2215 982 2314 1016 erat,
2332 983 2370 1012 et

326 1035 475 1071 virtutis
497 1044 669 1084 aptemus
686 1035 732 1071 de
757 1035 959 1084 Scripturis
981 1036 1105 1071 sacris.
1130 1039 1185 1072 De
1206 1040 1314 1072 Anna
1331 1037 1358 1071 B
1380 1034 1526 1071 turbata
1544 1036 1641 1072 circa
1659 1035 1832 1085 plurima.
1851 1036 1919 1072 Illa
1937 1035 2034 1072 circa
2055 1034 2171 1071 multa
2188 1033 2366 1080 turbatio,

323 1093 478 1143 legitur,
501 1108 585 1130 cum
608 1095 750 1130 intente
776 1094 1007 1143 profusoque
1027 1103 1200 1130 exoraret
1222 1094 1313 1130 asse-

322 1162 406 1197 ctu,
435 1153 537 1202 quod
565 1167 636 1188 mm
657 1162 741 1188 sunt
768 1156 889 1188 vultus
910 1158 988 1198 ejas
1010 1155 1171 1200 amplius
1195 1157 1231 1188 in
1261 1156 1314 1188 di-

324 1225 424 1247 versa
445 1216 577 1247 anitati
592 1218 614 1248 ¹.
632 1212 764 1247 Vultus
782 1212 895 1248 animi
913 1212 1097 1261 interpres
1117 1221 1172 1248 cst
1184 1241 1193 1258 ,
1211 1220 1248 1248 et
1267 1212 1314 1249 ab

320 1271 454 1307 intimo
471 1272 605 1307 affectu
624 1270 790 1307 habitum
810 1271 934 1307 trahit.
953 1271 1043 1308 Ideo
1061 1270 1107 1307 ab
1123 1270 1203 1320 ejus
1221 1285 1313 1308 con-

319 1331 477 1375 stantia,
510 1330 700 1366 interioris
727 1343 811 1378 quie
831 1331 868 1365 in
889 1331 1013 1366 anima
1033 1339 1108 1375 cst,
1132 1344 1311 1380 perseve-

319 1389 450 1425 ramim
474 1389 624 1425 ducitur
645 1397 922 1437 argumentum.
954 1393 1036 1426 Non
1065 1398 1153 1426 sunt
1184 1390 1311 1427 vultus

316 1447 398 1496 ejus
420 1449 455 1484 in
479 1448 626 1485 diversa
654 1448 805 1492 mutati,
828 1448 915 1497 quia
943 1449 1034 1484 nihil
1068 1449 1309 1486 imminutum

318 1516 373 1543 est
393 1507 567 1543 desiderii
586 1507 699 1543 semel
717 1507 902 1556 concepti.
918 1511 963 1544 Et
978 1507 1069 1556 quid
1084 1507 1184 1543 aliud
1202 1517 1311 1545 sonat

316 1567 418 1616 quod
437 1566 545 1612 dicit,
564 1569 645 1602 Non
662 1569 848 1602 dimittam
865 1570 994 1610 illiim;
1015 1567 1108 1612 nisi,
1127 1572 1210 1605 Non
1228 1582 1312 1605 mu-

317 1624 405 1662 tabo
425 1626 462 1661 in
484 1625 630 1662 diversa
650 1626 816 1670 vultum,
834 1633 872 1661 et
888 1626 1065 1662 intuitum
1087 1627 1222 1663 mentis
1238 1627 1310 1663 alio

316 1697 394 1720 non
413 1684 595 1720 divertam
613 1683 660 1720 ab
681 1683 787 1733 ipso?
814 1684 885 1720 Sed
906 1692 944 1720 et
965 1686 1168 1734 Apostolus
1191 1686 1310 1722 simile

315 1742 406 1791 quid
423 1743 606 1788 hortatur,
619 1745 703 1779 Sine
717 1747 984 1779 intermissione
997 1751 1121 1779 orate²
1135 1759 1143 1780 :
1158 1753 1194 1781 et
1207 1745 1309 1791 item,

1377 1093 1527 1131 videtur
1543 1095 1713 1144 quaedam
1730 1096 1858 1132 vultus
1873 1095 1909 1131 in
1927 1095 2072 1131 diversa
2092 1094 2260 1130 mutatio.
2278 1095 2369 1130 Ma-

1379 1156 1436 1188 ria
1453 1158 1631 1201 optimam
1651 1163 1796 1202 partem
1814 1157 1922 1202 elegit
1933 1181 1944 1198 ‚
1965 1167 2054 1202 qicoe
2077 1167 2150 1189 nan
2177 1151 2370 1200 auferetur

1378 1212 1425 1247 ab
1447 1212 1529 1249 ⁶72⁸.

1432 1272 1466 1308 2.
1487 1273 1638 1321 Optima
1655 1286 1740 1323 pars
1759 1272 2090 1322 contemplationis
2105 1279 2143 1308 et
2158 1270 2368 1308 dilectionis

1377 1337 1433 1366 cst
1447 1343 1547 1366 usus.
1563 1334 1655 1367 Nam
1669 1332 1737 1368 etsi
1751 1332 1812 1368 illa
1827 1340 1915 1369 sunt
1929 1344 2044 1381 opera
2059 1330 2268 1377 eharitatis,
2283 1343 2368 1380 quae

1376 1389 1576 1427 exhibebat
1593 1391 1757 1437 Martha3
1778 1391 1829 1427 ibi
1848 1399 1971 1427 tamen
1993 1391 2108 1428 servit
2123 1390 2282 1427 charitas
2300 1403 2368 1427 ne-

1377 1449 1538 1485 cessitati
1552 1478 1562 1492 ,
1585 1463 1662 1486 non
1683 1450 1841 1487 charitas
1858 1450 1940 1487 sibi.
1960 1454 2003 1487 In
2026 1448 2266 1487 sublevandis
2281 1449 2368 1486 alie-

1376 1508 1433 1544 nis
1468 1508 1750 1545 necessitatibus
1784 1509 1927 1545 bonum
1960 1521 2078 1558 opus,
2113 1508 2179 1545 sed
2211 1509 2367 1545 molesta

1376 1580 1498 1603 causa.
1529 1571 1633 1604 Bona
1661 1569 1761 1605 enim
1795 1568 2051 1605 misericordia
2065 1596 2075 1614 ,
2111 1567 2177 1604 sed
2210 1568 2366 1605 molesta

1376 1626 1534 1663 miseria.
1553 1631 1654 1663 Bona
1672 1628 1835 1672 curatio,
1855 1627 1920 1664 sed
1938 1627 2033 1664 circa
2051 1640 2163 1676 quem
2182 1636 2365 1675 versatur,

1376 1699 1451 1722 non
1471 1685 1594 1723 bonus
1618 1687 1788 1736 languor.
1809 1691 1935 1724 Bonus
1953 1687 1991 1723 in
2018 1686 2234 1735 hujusmodi
2255 1700 2364 1723 com-

1378 1745 1561 1794 passionis
1586 1746 1763 1792 affectus3
1786 1746 1850 1782 sed
1871 1759 1947 1782 non
1968 1746 2068 1782 bona
2093 1747 2365 1795 compassionis

318 1805 466 1838 Gratias
480 1812 628 1851 agentes
641 1803 809 1851 semper3
824 1818 831 1839 :
847 1803 940 1839 illud
954 1817 1125 1853 quoque,
1145 1807 1308 1841 Gaudete
1326 1808 1353 1843 C
1375 1805 1608 1841 occasionem
1624 1805 1840 1841 ministrans
1857 1805 2008 1841 alterius
2023 1805 2158 1854 passio.
2174 1806 2364 1843 Fraternis

315 1867 353 1897 ia
373 1865 533 1898 Domino
547 1876 691 1911 semper
704 1861 732 1898 ⁶.
750 1863 939 1900 Continua
954 1871 991 1899 et
1006 1876 1081 1899 non
1096 1863 1308 1914 interrupta

312 1921 393 1957 haec
412 1921 492 1957 vult
507 1934 586 1957 esse
602 1921 807 1970 Apostolus
826 1935 834 1956 ι
855 1921 1062 1957 orationem
1074 1950 1084 1967 ,
1103 1922 1306 1971 gratiarum

311 1979 496 2015 actionem
511 2009 519 2025 ‚
540 1988 576 2016 et
594 1979 770 2028 gaudium
791 1980 828 2016 in
850 1981 1026 2016 Domino.
1046 1980 1118 2018 Sed
1138 1982 1222 2030 quis
1238 1981 1307 2018 ista

312 2037 395 2087 ipso
423 2038 558 2074 mentis
584 2037 734 2083 habitu,
765 2046 802 2075 et
820 2039 957 2075 affectu
979 2039 1096 2075 animi
1117 2039 1306 2076 indefesso

311 2098 464 2146 explere
483 2098 660 2143 sufficiat,
678 2098 749 2135 nisi
765 2098 824 2135 cui
842 2098 967 2135 dicere
986 2100 1210 2148 permissum
1227 2108 1304 2137 est:

312 2158 404 2205 Quis
434 2171 504 2194 nos
528 2157 718 2206 separabit
748 2171 768 2194 a
798 2159 1118 2208 contemplatione
1139 2159 1305 2197 Christi?

311 2217 517 2265 Apostolus
537 2216 626 2252 dicit
645 2231 652 2252 z
677 2218 770 2263 Quis
792 2231 857 2252 aas
873 2218 1063 2266 separabit
1078 2231 1102 2252 α
1123 2220 1305 2254 charitate

316 2275 474 2311 Christi-‘³
489 2277 503 2311 ?
518 2281 545 2313 Λ
566 2277 884 2326 contemplatione
900 2277 1023 2314 dicere
1044 2290 1120 2314 non
1142 2287 1301 2327 poterat.

311 2338 402 2371 Nam
419 2335 621 2384 aliquando
636 2348 655 2371 a
669 2336 990 2386 contemplatione
1003 2337 1187 2386 segregari
1201 2338 1304 2375 Chri-

310 2394 356 2430 sti
390 2394 493 2430 ilhun
527 2393 778 2443 compellebat
812 2394 984 2432 charitas.
1020 2398 1102 2431 Sive
1115 2425 1126 2441 ‚
1162 2396 1302 2446 inquit,

310 2462 430 2488 mente
446 2456 678 2497 excedimus,
697 2457 773 2489 Deo
781 2469 793 2498 ;
809 2459 883 2489 sive
898 2454 1011 2490 sobrii
1024 2469 1147 2490 samiis
1155 2484 1167 2500 ‚
1182 2456 1296 2493 vobi‘s.

313 2513 482 2548 Clmritas
499 2517 594 2548 enim
614 2513 742 2548 Christi
768 2523 872 2562 urget
890 2512 992 2550 111156.
1017 2514 1185 2551 Charitas
1209 2529 1298 2566 ergo

1373 1864 1409 1900 in
1427 1864 1709 1900 necessitatibus
1721 1865 1880 1901 charitas
1895 1864 2062 1901 intuetur
2077 1865 2136 1901 cui
2151 1865 2364 1912 condoleat,

1372 1935 1449 1972 quo
1468 1931 1665 1959 moveatur
1682 1923 1728 1959 ad
1748 1923 2045 1969 miserationem,
2071 1923 2163 1973 quid
2187 1937 2364 1962 amovere

1373 1981 1524 2017 nitatur.
1544 1986 1592 2018 At
1609 1994 1693 2018 cum
1712 1981 1836 2017 dilecti
1859 1982 2165 2032 contemplantur
2184 1982 2362 2029 virtutes,

1376 2049 1496 2077 totum
1527 2041 1670 2090 placet,
1705 2049 1824 2077 totum
1853 2041 2035 2087 delectat,
2069 2050 2189 2078 totum
2219 2043 2332 2079 allicit
2352 2057 2361 2080 :

1375 2101 1468 2137 nihil
1495 2101 1548 2137 ibi
1569 2101 1671 2138 videt
1691 2101 1793 2150 quod
1821 2102 1995 2147 horreat,
2027 2102 2091 2139 sed
2113 2103 2174 2139 cui
2201 2102 2362 2140 dulciter

1369 2160 1566 2198 adhaereat.
1582 2161 1651 2198 Hic
1665 2161 1841 2210 proprius
1855 2162 1993 2198 amoris
2005 2174 2094 2198 usus
2108 2169 2181 2208 est,
2195 2161 2269 2199 hoc
2280 2161 2362 2211 ejus

1369 2221 1557 2265 officium,
1580 2228 1621 2256 ut
1639 2228 1738 2257 totus
1754 2220 1854 2256 sitin
1873 2220 2045 2257 amando.
2070 2221 2130 2258 Sic
2147 2229 2204 2258 est
2226 2222 2360 2270 plane,

1369 2293 1454 2317 cum
1471 2291 1547 2315 una
1563 2287 1600 2315 et
1616 2279 1811 2315 individua
1823 2278 2042 2327 jucunditas
2060 2279 2186 2316 omnia
2207 2281 2361 2317 convol-

1370 2339 1422 2375 vit
1439 2347 1476 2376 et
1491 2339 1775 2388 complectitur3
1792 2339 1957 2375 osticium
1969 2367 1978 2384 ‚
1994 2340 2126 2385 finem,
2143 2347 2180 2376 et
2196 2353 2359 2376 causam.

1368 2398 1542 2436 Officium
1560 2411 1667 2434 amor
1681 2406 1755 2442 est,
1773 2411 1883 2434 causa
1901 2398 2012 2443 visio,
2029 2398 2113 2434 finis
2130 2406 2357 2448 utrumque:

1363 2471 1484 2507 neque
1501 2458 1598 2494 ullus
1618 2471 1696 2494 0550
1716 2466 1839 2507 potest
1856 2457 2002 2494 beatior
2019 2458 2101 2494 linis
2116 2486 2125 2503 ,
2147 2471 2259 2507 quam
2277 2459 2358 2509 ipsa

1364 2517 1458 2553 visio
1475 2524 1512 2553 et
1531 2516 1682 2553 dilectio
1702 2517 1782 2553 Dei.
1801 2517 1936 2554 Omnia
1953 2516 1999 2553 ad
2016 2517 2117 2554 hunc
2138 2517 2250 2554 linem
2269 2531 2356 2555 san-

307 2571 757 2621 quadamdispensatione
772 2573 1083 2622 contemplationi
1101 2587 1139 2610 se
1157 2574 1296 2611 subdu·
1316 2579 1348 2614 D
1365 2585 1510 2613 ctorum
1530 2584 1616 2612 vota
1640 2576 1840 2625 suspirant.
1867 2577 1966 2614 Finis
1986 2577 2053 2612 iste
2074 2577 2152 2625 ipse
2175 2576 2245 2613 sibi
2270 2578 2354 2615 [inis

306 2631 378 2675 cit,
402 2630 506 2679 cujus
533 2639 655 2667 tamen
683 2632 860 2680 proprius
887 2640 942 2667 est
970 2640 1007 2668 et
1040 2632 1232 2670 familiaris
1262 2634 1300 2670 in

307 2690 385 2739 ipsa
409 2703 508 2726 iistis.
531 2691 665 2727 Omnia
693 2704 776 2740 quae
795 2692 869 2741 agit
888 2691 1066 2737 charitas,
1098 2693 1300 2741 quamdam

305 2748 443 2785 habent
470 2750 662 2786 indefessre
685 2751 866 2787 orationis
887 2760 923 2787 et
948 2752 1213 2801 gratulationis
1241 2752 1302 2788 vi-

305 2821 403 2852 cem,
425 2817 460 2844 ct
485 2810 703 2845 efficaciam.
731 2810 801 2846 Sed
830 2818 918 2847 tunc
949 2811 1017 2847 ista
1042 2812 1232 2860 profusius
1258 2820 1296 2847 et

305 2868 547 2904 excellentius
561 2869 791 2917 exsequitur,
809 2883 891 2906 cum
909 2871 1146 2919 singulariter
1162 2871 1198 2906 in
1218 2871 1294 2907 istis

304 2935 513 2962 exercetur.
538 2927 728 2962 Ahscvmlc
746 2932 1013 2975 clacnwsruam
1037 2935 1073 2966 in
1093 2935 1174 2966 sime
1195 2944 1296 2978 paic-

301 2987 400 3032 peris
412 3013 420 3027 ,
446 2995 480 3021 ct
496 2990 575 3034 ipsa
597 2987 714 3021 orabit
727 3002 796 3035 pra
814 2998 848 3022 tc
865 2991 918 3023 ml
932 2991 1131 3025 Damiman
1146 2996 1171 3026 7.
1191 2990 1298 3026 Elec-

304 3057 469 3092 mosynce
513 3044 695 3081 vocabulo
735 3060 809 3082 nou
854 3048 1058 3097 incongrue
1101 3058 1300 3086 censentur

308 3103 509 3149 universa,
533 3118 616 3153 quae
644 3105 896 3153 indigentibus
917 3108 1205 3144 misericorditer
1231 3109 1301 3144 iru-

1367 2644 1445 2681 est,
1466 2649 1505 2671 sc
1525 2636 1607 2684 ipso
1630 2644 1831 2672 contentus
1849 2636 1886 2672 in
1908 2636 2039 2672 melius
2060 2636 2201 2685 aliquid
2221 2649 2356 2687 exspe-

1367 2695 1567 2731 ctationem
1590 2695 1783 2743 porrigere
1810 2708 1887 2731 non
1905 2695 2046 2731 valens.
2070 2698 2151 2731 Hoc
2176 2704 2231 2731 est
2261 2696 2355 2733 illud

1368 2767 1485 2790 unum
1512 2753 1614 2802 quod
1634 2758 1876 2789 ncces-sarium
1899 2753 2049 2799 dicitur,
2074 2754 2176 2803 quod
2197 2768 2217 2790 a
2238 2755 2354 2792 Maria

1361 2827 1436 2850 non
1455 2814 1612 2856 tollitur,
1636 2813 1672 2849 in
1687 2826 1763 2862 quo
1779 2814 1971 2850 Psalmista
1990 2814 2220 2862 gratulatur:
2237 2815 2348 2859 Mihi,

1361 2873 1505 2922 inquit,
1525 2873 1719 2907 mlhaaerere
1746 2876 1824 2908 Dco
1847 2872 1978 2908 bonum
2000 2881 2051 2908 esc
2065 2880 2093 2908 9.
2120 2873 2188 2910 nic
2217 2882 2273 2910 est
2292 2874 2354 2910 ille

1362 2931 1497 2968 mentis
1522 2944 1715 2975 excessus,
1739 2932 1802 2980 qui
1832 2945 1950 2981 usque
1976 2932 2022 2968 ad
2047 2932 2197 2969 tertium
2219 2934 2352 2970 coelum

1363 2991 1519 3028 Paulum
1542 2999 1716 3039 rapuerat
1734 2997 1774 3026 ¹⁰.
1797 2995 1884 3027 llaec
1904 2991 2064 3027 ebrietas
2083 2993 2288 3029 temulento
2303 2993 2353 3030 si—

1365 3051 1489 3087 milem
1512 3054 1630 3087 Anna»
1651 3051 1795 3087 vultum
1816 3059 2049 3100 expresserat
2067 3057 2107 3086 ¹¹.
2128 3055 2208 3089 Hoc
2229 3061 2353 3089 musto

1367 3108 1569 3146 madebant
1590 3110 1785 3158 Apostoli,
1807 3123 1888 3146 cum
1909 3109 1992 3146 illos
2010 3110 2211 3147 vehemens
2230 3112 2351 3161 reple-

352 3232 390 3259 ¹1
419 3232 492 3268 ch.
510 3241 518 3258 ι
534 3253 541 3265 ,
565 3233 614 3260 18.
638 3249 679 3253 v<—
706 3236 716 3250 ²
734 3233 745 3260 Ῐ
763 3230 870 3261 Thess.
888 3243 917 3265 ν,
947 3235 996 3262 17.
1012 3250 1054 3254 —
1080 3232 1093 3254 3
1115 3233 1272 3273 1·”,Ι)11ι·5.ν,
1291 3237 1344 3263 20.
1362 3253 1402 3258 ——
1423 3234 1435 3259 4
1456 3233 1588 3275 Philipp.
1610 3246 1654 3271 iv,
1675 3236 1706 3264 4.
1724 3254 1766 3257 -ν
1788 3233 1801 3255 ⁵
1818 3238 1907 3265 Rom.
1924 3246 1985 3265 νιιι
2000 3259 2007 3272 ,
2025 3239 2139 3265 3.·1.—
2153 3233 2169 3255 s’
2183 3239 2212 3267 11
2226 3238 2297 3267 Cor.
2314 3249 2346 3274 v,

308 3283 461 3314 1.ἰ,1ἰ.μ
506 3283 823 3318 71³«·!i.xx1x‚1.·›.
900 3286 1209 3321 ⁸1.u‹-.x,='01‚'·2.

1285 3287 1394 3316 arsat.
1416 3290 1594 3322 ixx11,').8.

1671 3293 1699 3307 '¹'
1717 3290 1741 3317 ll
1758 3290 1828 3318 (lor.
1844 3291 1962 3324 x11‚2.
2001 3308 2004 3309 ν

2048 3294 2072 3308 ¹¹
2093 3290 2198 3329 1Rvg.
2222 3299 2252 3325 1,
2279 3292 2327 3320 13.
