2418 3949
184 248 274 285 1041

738 250 1052 284 LAMENTATIO
1082 248 1130 283 IN
1158 249 1429 284 PASSIONEM
1459 250 1663 286 CHRISTI.

2127 251 2227 289 1042

229 325 266 361 4.
293 327 323 362 O
338 337 450 372 quam
471 325 642 369 dulciter,
659 327 747 361 Jesu
767 325 924 369 Christe,
940 337 1024 361 cum
1045 324 1167 361 homi·
1178 324 1226 343 ³²²
1238 325 1351 360 vitam
1385 338 1527 370 meam,
1558 339 1669 374 quam
1701 326 1864 363 animam
1896 335 1997 363 tuam
2012 355 2021 372 ,
2048 340 2160 376 quam
2190 328 2228 363 in

177 384 287 421 nibus
309 393 553 421 conversatus
578 387 638 421 es!
665 398 776 433 quam
800 385 945 421 fortiter
971 393 1045 421 tam
1065 384 1165 421 indi·
1186 386 1218 420 A
1236 396 1368 420 manus
1385 385 1623 421 inimicorum
1645 385 1826 422 tradidisti
1842 400 1911 436 pro
1927 400 2000 431 me,
2017 391 2103 423 Jesu
2118 387 2228 424 Chri-

175 458 247 493 gna
270 453 307 480 et
328 457 459 493 aspera
483 457 552 493 pro
575 443 791 480 hominibus
807 457 938 494 passus
958 447 1018 480 es!
1045 447 1090 481 Et
1110 452 1164 489 tu,

175 503 352 546 Domine,
370 516 440 552 pro
455 502 604 551 injustis
616 515 748 552 passus
763 516 816 548 es,
833 503 995 539 moriens
1011 510 1167 552 propter

175 561 310 598 delicta
335 571 482 607 nostra,
507 562 571 611 qui
590 563 723 598 venisti
742 563 856 612 gratis
877 570 1047 598 mortuos
1064 561 1165 597 vivi-

176 621 304 667 licare,
330 634 458 657 servos
482 622 601 658 facere
629 622 782 667 fratres,
805 621 1017 658 cohaeredes
1047 621 1166 670 capti-

174 692 254 725 vos,
266 681 412 717 exsules
425 693 543 730 reges.
562 680 646 726 Sed,
658 694 680 717 0
695 680 794 717 bone
808 685 912 727 Jesu,
925 680 1016 730 quid
1031 680 1162 726 fecisti,

173 740 276 787 quod
296 741 414 788 majus
430 748 526 776 esset
541 753 625 775 cum
642 741 756 789 magis
773 748 869 776 esset
886 739 1164 789 gaudentiuma,

172 810 255 833 cum
277 797 493 847 operabaris
509 799 665 835 salutem
688 799 725 835 in
745 798 870 834 medio
885 806 992 834 terrae
1012 806 1164 844 nostrae,

171 858 325 906 affigens
348 866 500 907 peccata
520 866 649 894 nostra
675 859 799 904 cruci,
821 858 1004 895 damnans
1024 857 1162 894 diabo-

173 916 249 952 lum
271 924 307 952 et
326 916 472 952 salvans
493 916 671 952 miseros?
690 920 797 961 Vere,
816 916 990 962 Domine,
1008 915 1160 966 dignum

171 975 242 1011 fuit
260 983 297 1011 et
313 974 458 1023 justum
488 983 529 1011 ut
550 974 657 1011 fleres
672 1004 681 1021 ,
703 983 740 1012 et
759 975 889 1012 eadem
918 989 1028 1012 causa
1049 975 1163 1011 flendi

171 1034 282 1072 nobis
307 1035 432 1072 existit
460 1035 571 1072 hodie
607 1049 721 1086 super
748 1036 843 1072 filios
871 1036 1002 1073 Adam.
1043 1036 1163 1074 Flevit

1234 451 1306 488 ste,
1334 451 1376 479 ut
1393 456 1452 479 me
1475 444 1689 480 restitueres
1711 445 1814 490 vitae,
1835 454 1872 481 et
1899 445 1946 482 ab
1977 446 2136 482 inimicis
2166 459 2227 482 me

1233 510 1306 538 tam
1327 502 1542 539 crudelibus
1562 504 1725 552 eriperes
1740 533 1748 549 ‚
1774 504 1954 542 liberares
1974 518 1994 542 a
2020 514 2154 541 morte.
2180 508 2229 541 Et

1231 562 1315 610 quis
1334 575 1414 598 sum
1437 575 1505 611 ego
1525 576 1596 611 pro
1618 563 1723 611 cujus
1743 565 1862 600 salute
1883 573 1984 601 tanta
2010 565 2151 610 fecisti,
2172 565 2226 601 ita

1233 628 1268 656 te
1309 621 1530 666 exinanisti,
1569 635 1681 670 quem
1719 630 1791 658 tam
1824 623 2011 668 dilexisti,
2046 637 2115 672 pro
2149 637 2225 672 quo

1231 679 1340 716 etiam
1371 680 1593 717 descendisti
1615 682 1651 717 in
1679 694 1850 726 earnem,
1873 683 1909 718 in
1931 684 2162 732 passionem,
2187 684 2224 719 in

1231 748 1390 775 mortem
1404 768 1413 783 ,
1431 748 1589 776 mortem
1612 749 1734 776 autem
1758 742 1902 777 crucis?
1921 745 2001 778 Heu
2024 742 2114 777 mihi
2136 755 2224 791 pec-

1230 798 1347 834 catori
1372 811 1443 847 pro
1470 799 1587 835 nimia
1612 799 1808 848 iniquitate
1828 809 1865 836 et
1895 801 2086 849 impietate
2116 804 2222 837 mea!

1230 859 1262 894 O
1292 858 1489 906 lacrymae,
1519 857 1583 894 ubi
1614 872 1683 895 vos
1715 858 1974 895 subtraxistis?
2008 859 2072 895 ubi
2108 861 2219 905 estis,

1229 916 1350 953 sontes
1372 917 1650 966 lacrymarum?
1676 919 1888 955 humectate
1911 919 2079 955 maxillas
2108 933 2223 965 meas,

1228 974 1379 1024 irrigate
1404 989 1517 1026 genas
1540 990 1657 1022 meas,
1689 977 1793 1013 fluite
1825 990 1938 1027 super
1967 978 2111 1014 faciem.
2144 982 2225 1015 Heu

1228 1047 1287 1070 me
1308 1035 1507 1071 miserum!
1529 1036 1653 1073 omnis
1675 1045 1846 1072 creatura
1867 1038 2096 1086 compatitur
2114 1038 2223 1074 Chri-

170 1094 271 1131 enim
290 1097 404 1140 Deus,
421 1103 462 1131 ut
477 1095 602 1132 Passio
617 1108 683 1131 sua
700 1095 889 1131 sufficeret
909 1094 1160 1144 redemptioni
1180 1097 1208 1130 R
1227 1101 1300 1138 sto,
1318 1103 1355 1130 et
1377 1094 1548 1132 turbatur
1567 1095 1613 1131 de
1632 1104 1753 1131 morte
1776 1109 1855 1140 sua,
1873 1096 1936 1132 sed
1959 1097 2135 1132 miserum
2155 1111 2221 1133 cor

172 1153 342 1189 omnium
357 1181 367 1198 ,
390 1167 473 1190 cum
497 1154 642 1203 profuit
662 1154 915 1204 redemptioni
934 1167 1158 1203 paucorum.

171 1216 203 1250 O
218 1212 335 1249 dulcis
351 1213 530 1258 Domine,
550 1212 746 1249 fodiendas
763 1212 910 1263 praebes
934 1226 1066 1250 manus
1082 1221 1163 1250 tuas

170 1280 208 1308 et
225 1272 360 1321 pedes,
379 1280 421 1308 ut
438 1272 618 1322 procedat
638 1273 798 1310 coelestis
819 1273 1015 1310 thesaurus
1035 1273 1100 1322 qui
1124 1274 1163 1310 in

167 1330 240 1367 illis·
271 1331 378 1378 latet,
405 1339 442 1368 et
475 1332 521 1368 sit
547 1331 658 1369 nobis
693 1332 907 1382 redemptio
938 1333 1104 1382 copiosa.
1132 1335 1163 1370 O

167 1398 309 1439 quanta
327 1399 383 1427 est
399 1391 610 1428 amaritudo
627 1400 868 1441 peccatorum
890 1394 1082 1428 meorum!
1098 1395 1162 1429 Vae

169 1450 276 1486 mihi!
298 1464 368 1500 pro
392 1451 436 1488 iis
459 1465 609 1489 necesse
632 1452 701 1488 fuit
722 1453 928 1489 Dominum
953 1452 1158 1488 vulnerari.

171 1512 293 1556 Certe,
311 1509 411 1546 bone
428 1514 529 1555 Jesu,
549 1511 578 1548 si
595 1524 670 1547 non
690 1520 814 1548 essent
832 1512 911 1548 haec
933 1511 978 1549 ad
1002 1519 1163 1547 mortem

170 1578 347 1606 aeternam
360 1599 369 1616 ,
399 1583 637 1620 nequaquam
671 1572 901 1620 oportuisset
936 1579 971 1607 te
1003 1579 1162 1607 mortem

168 1628 326 1676 subisse,
339 1638 381 1666 ut
399 1643 469 1679 ego
489 1631 670 1667 viverem.
695 1630 766 1667 Sed
787 1630 877 1680 quid
898 1630 1054 1666 faciam?
1071 1633 1164 1666 Eece

171 1698 210 1725 tu
237 1689 334 1726 filius
364 1690 543 1726 Altissimi
574 1690 752 1736 moreris,
782 1699 823 1726 ut
850 1703 920 1739 ego
950 1690 1091 1726 vivam.
1119 1693 1165 1726 Et

170 1748 272 1785 unde
288 1748 355 1785 tibi
369 1749 537 1798 dignatio
554 1758 655 1786 tanta
667 1778 676 1795 ,
694 1750 855 1786 charitas
869 1758 941 1786 tam
957 1749 1164 1785 immensa?

170 1811 217 1844 Et
236 1808 326 1857 quid
339 1836 349 1854 ‚
369 1807 470 1845 bone
489 1812 597 1855 Jesu,
623 1822 694 1859 pro
718 1809 781 1846 tali
800 1817 859 1845 tua
878 1816 999 1844 morte
1022 1816 1059 1844 et
1082 1820 1164 1845 mea

170 1868 247 1905 vita
266 1867 333 1904 tibi
356 1869 587 1919 rependam?
605 1869 693 1907 Plus
718 1869 820 1906 enim
846 1868 985 1905 videris
1009 1868 1164 1917 diligere

218 2006 230 2019 ³¹
249 1999 309 2030 Hic
325 1999 441 2041 aliquid
458 1999 552 2031 deest.

1228 1165 1354 1188 meum
1381 1165 1458 1189 non
1491 1154 1720 1203 compatitur
1747 1155 1917 1190 Creatori
1947 1167 2014 1191 suo
2049 1156 2225 1191 morienti

1227 1224 1299 1261 pro
1315 1212 1410 1262 ipse.
1432 1213 1534 1249 Flete
1555 1226 1628 1258 me,
1649 1213 1786 1249 coelum
1807 1221 1844 1249 et
1864 1221 1980 1259 terra;
2007 1214 2129 1262 lugete
2151 1227 2225 1257 me,

1228 1284 1361 1308 omnes
1376 1279 1568 1308 creaturae.
1585 1273 1719 1309 Melius
1739 1280 1837 1308 esset
1855 1285 1913 1308 me
1930 1285 2006 1308 non
2024 1286 2103 1309 esse
2120 1286 2224 1309 crea-

1229 1339 1323 1375 tum,
1346 1344 1457 1380 quam
1482 1331 1534 1368 sie
1556 1331 1772 1368 induratum
1794 1345 1860 1368 cor
1883 1345 2007 1369 meum
2030 1345 2223 1369 remanere

1230 1390 1276 1426 de
1295 1398 1397 1426 tanta
1418 1399 1552 1427 morte.
1574 1394 1605 1429 Ο
1626 1392 1804 1437 Domine,
1822 1401 2004 1441 quantum
2024 1393 2227 1428 humiliasti

1231 1458 1266 1486 te
1285 1452 1291 1485 !
1315 1449 1386 1486 Sed
1411 1463 1478 1499 per
1507 1459 1666 1488 mortem
1687 1460 1786 1488 tuam
1802 1480 1812 1497 ,
1835 1452 1895 1488 cui
1918 1459 1990 1487 tam
2023 1453 2090 1487 suit
2117 1452 2228 1488 chara

1229 1509 1353 1546 anima
1371 1522 1470 1554 mea,
1488 1513 1576 1546 Jesu
1597 1509 1716 1556 bone,
1742 1510 1860 1547 libera
1882 1524 1940 1546 me
1961 1510 2006 1546 ab
2039 1511 2220 1559 iniquita-

1230 1568 1330 1605 tibus
1348 1569 1453 1614 meis,
1471 1577 1508 1605 et
1531 1582 1598 1618 per
1621 1570 1830 1619 passionem
1854 1578 1955 1606 tuam
1979 1571 2065 1620 fuga
2087 1571 2224 1620 impie-

1231 1637 1344 1665 tatem
1362 1641 1495 1664 meam.
1515 1632 1587 1665 Per
1610 1630 1672 1666 illa
1692 1642 1780 1678 ergo
1804 1630 1957 1666 vincula
1981 1643 2065 1679 quae
2090 1643 2225 1667 manus

1232 1696 1312 1724 tuas
1339 1695 1484 1724 sanctas
1508 1696 1581 1724 tam
1604 1689 1740 1724 acriter
1761 1689 1987 1738 ligaverunt,
2017 1690 2121 1725 solve
2140 1689 2227 1724 vin-

1229 1748 1312 1784 cula
1330 1747 1538 1796 iniquitatis
1558 1761 1662 1784 meae.
1685 1749 1812 1785 Passio
1832 1757 1894 1784 tua
1920 1757 2047 1785 sancta
2075 1757 2112 1785 et
2129 1748 2224 1784 dura

1231 1807 1393 1844 animam
1412 1819 1532 1843 meam
1553 1815 1627 1844 tam
1652 1808 1825 1845 dilectam
1847 1807 1911 1844 tibi
1928 1808 2062 1845 liberet
2087 1821 2107 1844 a
2123 1821 2226 1844 mor-

1232 1875 1266 1904 te
1287 1875 1438 1903 aeterna.
1459 1869 1592 1904 Amen.
