<?xml version="1.0" encoding="UTF-8"?>
<!DOCTYPE html PUBLIC "-//W3C//DTD XHTML 1.0 Transitional//EN"
    "http://www.w3.org/TR/xhtml1/DTD/xhtml1-transitional.dtd">
<html xmlns="http://www.w3.org/1999/xhtml" xml:lang="en" lang="en">
 <head>
  <title>
</title>
<meta http-equiv="Content-Type" content="text/html;charset=utf-8" />
  <meta name='ocr-system' content='tesseract 3.04.00' />
  <meta name='ocr-capabilities' content='ocr_page ocr_carea ocr_par ocr_line ocrx_word'/>
</head>
<body>
  <div class='ocr_page' id='page_1' title='image "./operaomniapostho05bern_0228.png"; bbox 0 0 2504 3928; ppageno 0'>
   <div class='ocr_carea' id='block_1_1' title="bbox 367 261 431 296">
    <p class='ocr_par' dir='ltr' id='par_1_1' title="bbox 367 261 431 296">
     <span class='ocr_line' id='line_1_1' title="bbox 367 261 431 296; baseline -0.047 0"><span class='ocrx_word' id='word_1_1' title='bbox 367 263 375 296; x_wconf 79' lang='lat' dir='ltr'><strong>i</strong></span> <span class='ocrx_word' id='word_1_2' title='bbox 392 261 431 295; x_wconf 70' lang='lat' dir='ltr'><strong>&#39;til</strong></span> 
     </span>
    </p>
   </div>
   <div class='ocr_carea' id='block_1_2' title="bbox 356 325 1346 383">
    <p class='ocr_par' dir='ltr' id='par_1_2' title="bbox 356 325 1346 383">
     <span class='ocr_line' id='line_1_2' title="bbox 356 325 1346 383; baseline -0.007 -14"><span class='ocrx_word' id='word_1_3' title='bbox 356 333 456 383; x_wconf 81' lang='lat' dir='ltr'><strong>quod</strong></span> <span class='ocrx_word' id='word_1_4' title='bbox 471 341 526 369; x_wconf 81' lang='lat' dir='ltr'><strong>est</strong></span> <span class='ocrx_word' id='word_1_5' title='bbox 544 328 786 380; x_wconf 70' lang='lat' dir='ltr'>spiritualiter</span> <span class='ocrx_word' id='word_1_6' title='bbox 802 325 1026 362; x_wconf 81' lang='lat' dir='ltr'><strong>manducare</strong></span> <span class='ocrx_word' id='word_1_7' title='bbox 1043 339 1181 376; x_wconf 85' lang='lat' dir='ltr'><strong>corpus</strong></span> <span class='ocrx_word' id='word_1_8' title='bbox 1195 327 1346 371; x_wconf 80' lang='lat' dir='ltr'>Christi,</span> 
     </span>
    </p>
   </div>
   <div class='ocr_carea' id='block_1_3' title="bbox 1088 253 1690 289">
    <p class='ocr_par' dir='ltr' id='par_1_3' title="bbox 1088 253 1690 289">
     <span class='ocr_line' id='line_1_3' title="bbox 1088 253 1690 289; baseline 0.002 -1"><span class='ocrx_word' id='word_1_9' title='bbox 1088 253 1320 288; x_wconf 65' lang='lat' dir='ltr'><strong>GUlGOMs*</strong></span> <span class='ocrx_word' id='word_1_10' title='bbox 1349 254 1690 289; x_wconf 72' lang='lat' dir='ltr'><strong>CARTtSlENsts</strong></span> 
     </span>
    </p>
   </div>
   <div class='ocr_carea' id='block_1_4' title="bbox 1359 326 1407 343">
    <p class='ocr_par' dir='ltr' id='par_1_4' title="bbox 1359 326 1407 343">
     <span class='ocr_line' id='line_1_4' title="bbox 1359 326 1407 343; baseline -0.021 0"><span class='ocrx_word' id='word_1_11' title='bbox 1359 326 1407 343; x_wconf 64' lang='grc'><strong>’113</strong></span> 
     </span>
    </p>
   </div>
   <div class='ocr_carea' id='block_1_5' title="bbox 2333 255 2403 290">
    <p class='ocr_par' dir='ltr' id='par_1_5' title="bbox 2333 255 2403 290">
     <span class='ocr_line' id='line_1_5' title="bbox 2333 255 2403 290; baseline 0 0"><span class='ocrx_word' id='word_1_12' title='bbox 2333 255 2403 290; x_wconf 67' lang='lat' dir='ltr'><strong>lifts«</strong></span> 
     </span>
    </p>
   </div>
   <div class='ocr_carea' id='block_1_6' title="bbox 1419 327 2406 376">
    <p class='ocr_par' dir='ltr' id='par_1_6' title="bbox 1419 327 2406 376">
     <span class='ocr_line' id='line_1_6' title="bbox 1419 327 2406 376; baseline 0.003 -14"><span class='ocrx_word' id='word_1_13' title='bbox 1419 327 1530 364; x_wconf 84' lang='lat' dir='ltr'><strong>distat</strong></span> <span class='ocrx_word' id='word_1_14' title='bbox 1550 328 1713 363; x_wconf 87' lang='lat' dir='ltr'><strong>studium</strong></span> <span class='ocrx_word' id='word_1_15' title='bbox 1735 342 1754 362; x_wconf 89' lang='lat' dir='ltr'><strong>a</strong></span> <span class='ocrx_word' id='word_1_16' title='bbox 1775 327 1932 363; x_wconf 87' lang='lat' dir='ltr'><strong>lectione</strong></span> <span class='ocrx_word' id='word_1_17' title='bbox 1947 356 1954 369; x_wconf 88' lang='lat'>‚</span> <span class='ocrx_word' id='word_1_18' title='bbox 1977 336 2157 376; x_wconf 75' lang='lat' dir='ltr'><strong>(plautum</strong></span> <span class='ocrx_word' id='word_1_19' title='bbox 2179 330 2339 365; x_wconf 85' lang='lat' dir='ltr'><strong>amicitia</strong></span> <span class='ocrx_word' id='word_1_20' title='bbox 2359 329 2406 366; x_wconf 87' lang='lat' dir='ltr'><strong>ab</strong></span> 
     </span>
    </p>
   </div>
   <div class='ocr_carea' id='block_1_7' title="bbox 354 385 2404 437">
    <p class='ocr_par' dir='ltr' id='par_1_7' title="bbox 354 385 2404 437">
     <span class='ocr_line' id='line_1_7' title="bbox 354 385 2404 437; baseline -0.001 -10"><span class='ocrx_word' id='word_1_21' title='bbox 354 402 389 427; x_wconf 78' lang='lat' dir='ltr'><strong>et</strong></span> <span class='ocrx_word' id='word_1_22' title='bbox 406 391 532 426; x_wconf 82' lang='lat' dir='ltr'><strong>bibere</strong></span> <span class='ocrx_word' id='word_1_23' title='bbox 548 389 629 437; x_wconf 88' lang='lat' dir='ltr'><strong>ejus</strong></span> <span class='ocrx_word' id='word_1_24' title='bbox 644 387 862 434; x_wconf 74' lang='lat' dir='ltr'><strong>sanguinem</strong></span> <span class='ocrx_word' id='word_1_25' title='bbox 880 385 916 420; x_wconf 89' lang='lat' dir='ltr'><strong>in</strong></span> <span class='ocrx_word' id='word_1_26' title='bbox 935 386 1151 421; x_wconf 84' lang='lat' dir='ltr'><strong>memoriam</strong></span> <span class='ocrx_word' id='word_1_27' title='bbox 1168 385 1267 434; x_wconf 89' lang='lat' dir='ltr'><strong>ejus,</strong></span> <span class='ocrx_word' id='word_1_28' title='bbox 1284 386 1347 434; x_wconf 91' lang='lat' dir='ltr'><strong>qui</strong></span> <span class='ocrx_word' id='word_1_29' title='bbox 1368 392 1394 424; x_wconf 83' lang='grc' dir='ltr'>Α</span> <span class='ocrx_word' id='word_1_30' title='bbox 1416 387 1601 435; x_wconf 82' lang='lat' dir='ltr'><strong>hospitio,</strong></span> <span class='ocrx_word' id='word_1_31' title='bbox 1623 386 1768 422; x_wconf 85' lang='lat' dir='ltr'><strong>socialis</strong></span> <span class='ocrx_word' id='word_1_32' title='bbox 1788 386 1936 422; x_wconf 74' lang='lat' dir='ltr'>affectio</span> <span class='ocrx_word' id='word_1_33' title='bbox 1958 400 1978 423; x_wconf 91' lang='lat' dir='ltr'><strong>a</strong></span> <span class='ocrx_word' id='word_1_34' title='bbox 2001 387 2152 423; x_wconf 76' lang='lat' dir='ltr'><strong>fortuita</strong></span> <span class='ocrx_word' id='word_1_35' title='bbox 2172 387 2404 425; x_wconf 86' lang='lat' dir='ltr'><strong>salutatione.</strong></span> 
     </span>
    </p>
   </div>
   <div class='ocr_carea' id='block_1_8' title="bbox 349 444 1351 1081">
    <p class='ocr_par' dir='ltr' id='par_1_8' title="bbox 349 444 1351 1081">
     <span class='ocr_line' id='line_1_8' title="bbox 354 444 1347 493; baseline -0.006 -8"><span class='ocrx_word' id='word_1_36' title='bbox 354 449 529 486; x_wconf 76' lang='lat' dir='ltr'><strong>ummbus</strong></span> <span class='ocrx_word' id='word_1_37' title='bbox 549 448 585 483; x_wconf 90' lang='lat' dir='ltr'><strong>iu</strong></span> <span class='ocrx_word' id='word_1_38' title='bbox 603 459 642 482; x_wconf 87' lang='lat' dir='ltr'><strong>se</strong></span> <span class='ocrx_word' id='word_1_39' title='bbox 658 444 897 481; x_wconf 77' lang='lat' dir='ltr'>credentibus</span> <span class='ocrx_word' id='word_1_40' title='bbox 910 445 1087 493; x_wconf 82' lang='lat' dir='ltr'><strong>praecepit</strong></span> <span class='ocrx_word' id='word_1_41' title='bbox 1103 444 1230 480; x_wconf 77' lang='lat' dir='ltr'><strong>dicens</strong></span> <span class='ocrx_word' id='word_1_42' title='bbox 1245 473 1253 489; x_wconf 90' lang='lat'>‚</span> <span class='ocrx_word' id='word_1_43' title='bbox 1273 446 1347 479; x_wconf 78' lang='lat' dir='ltr'><strong>Hoc</strong></span> 
     </span>
     <span class='ocr_line' id='line_1_9' title="bbox 349 504 1346 555; baseline -0.005 -12"><span class='ocrx_word' id='word_1_44' title='bbox 349 511 467 555; x_wconf 66' lang='lat' dir='ltr'><strong>saeue</strong></span> <span class='ocrx_word' id='word_1_45' title='bbox 480 513 517 541; x_wconf 77' lang='lat' dir='ltr'><strong>m</strong></span> <span class='ocrx_word' id='word_1_46' title='bbox 532 519 650 541; x_wconf 74' lang='lat' dir='ltr'><strong>meam</strong></span> <span class='ocrx_word' id='word_1_47' title='bbox 663 509 1043 539; x_wconf 65' lang='lat' dir='ltr'><strong>commefflorationem</strong></span> <span class='ocrx_word' id='word_1_48' title='bbox 1058 510 1080 538; x_wconf 88' lang='lat'><strong>¹.</strong></span> <span class='ocrx_word' id='word_1_49' title='bbox 1095 506 1134 539; x_wconf 88' lang='lat' dir='ltr'><strong>In</strong></span> <span class='ocrx_word' id='word_1_50' title='bbox 1148 516 1223 551; x_wconf 89' lang='lat' dir='ltr'><strong>quo</strong></span> <span class='ocrx_word' id='word_1_51' title='bbox 1236 504 1346 539; x_wconf 85' lang='lat' dir='ltr'><strong>etiam</strong></span> 
     </span>
     <span class='ocr_line' id='line_1_10' title="bbox 357 562 1346 615; baseline -0.005 -13"><span class='ocrx_word' id='word_1_52' title='bbox 357 575 513 615; x_wconf 87' lang='lat' dir='ltr'><strong>propter</strong></span> <span class='ocrx_word' id='word_1_53' title='bbox 536 571 728 614; x_wconf 81' lang='lat' dir='ltr'><strong>peccatum</strong></span> <span class='ocrx_word' id='word_1_54' title='bbox 753 562 1038 606; x_wconf 74' lang='lat' dir='ltr'><strong>inobedientiae,</strong></span> <span class='ocrx_word' id='word_1_55' title='bbox 1057 575 1168 610; x_wconf 86' lang='lat' dir='ltr'><strong>quam</strong></span> <span class='ocrx_word' id='word_1_56' title='bbox 1189 562 1346 610; x_wconf 89' lang='lat' dir='ltr'><strong>impium</strong></span> 
     </span>
     <span class='ocr_line' id='line_1_11' title="bbox 355 620 1347 669; baseline -0.003 -11"><span class='ocrx_word' id='word_1_57' title='bbox 355 626 400 660; x_wconf 74' lang='lat' dir='ltr'><strong>sit</strong></span> <span class='ocrx_word' id='word_1_58' title='bbox 414 623 602 659; x_wconf 84' lang='lat' dir='ltr'><strong>bominem</strong></span> <span class='ocrx_word' id='word_1_59' title='bbox 619 629 727 657; x_wconf 77' lang='lat' dir='ltr'><strong>tantoe</strong></span> <span class='ocrx_word' id='word_1_60' title='bbox 745 621 810 656; x_wconf 84' lang='lat' dir='ltr'><strong>Dei</strong></span> <span class='ocrx_word' id='word_1_61' title='bbox 823 620 970 669; x_wconf 88' lang='lat' dir='ltr'><strong>pietatis</strong></span> <span class='ocrx_word' id='word_1_62' title='bbox 984 620 1241 656; x_wconf 83' lang='lat' dir='ltr'><strong>immemorem</strong></span> <span class='ocrx_word' id='word_1_63' title='bbox 1253 632 1347 664; x_wconf 89' lang='lat' dir='ltr'><strong>esse,</strong></span> 
     </span>
     <span class='ocr_line' id='line_1_12' title="bbox 356 678 1350 731; baseline -0.005 -12"><span class='ocrx_word' id='word_1_64' title='bbox 356 683 475 731; x_wconf 86' lang='lat' dir='ltr'><strong>palam</strong></span> <span class='ocrx_word' id='word_1_65' title='bbox 492 680 668 717; x_wconf 89' lang='lat' dir='ltr'><strong>omnibus</strong></span> <span class='ocrx_word' id='word_1_66' title='bbox 683 687 737 716; x_wconf 87' lang='lat' dir='ltr'><strong>est</strong></span> <span class='ocrx_word' id='word_1_67' title='bbox 755 693 762 715; x_wconf 93' lang='lat'>:</span> <span class='ocrx_word' id='word_1_68' title='bbox 779 693 862 716; x_wconf 87' lang='lat' dir='ltr'><strong>cum</strong></span> <span class='ocrx_word' id='word_1_69' title='bbox 879 679 986 715; x_wconf 87' lang='lat' dir='ltr'><strong>amici</strong></span> <span class='ocrx_word' id='word_1_70' title='bbox 1004 679 1165 715; x_wconf 85' lang='lat' dir='ltr'><strong>hominis</strong></span> <span class='ocrx_word' id='word_1_71' title='bbox 1178 678 1350 715; x_wconf 83' lang='lat' dir='ltr'><strong>abeuntis</strong></span> 
     </span>
     <span class='ocr_line' id='line_1_13' title="bbox 354 737 1348 790; baseline -0.005 -12"><span class='ocrx_word' id='word_1_72' title='bbox 354 741 423 778; x_wconf 90' lang='lat' dir='ltr'><strong>sub</strong></span> <span class='ocrx_word' id='word_1_73' title='bbox 454 740 625 790; x_wconf 85' lang='lat' dir='ltr'><strong>quolibet</strong></span> <span class='ocrx_word' id='word_1_74' title='bbox 659 740 766 788; x_wconf 86' lang='lat' dir='ltr'><strong>signo</strong></span> <span class='ocrx_word' id='word_1_75' title='bbox 797 737 1095 774; x_wconf 87' lang='lat' dir='ltr'><strong>commendatam</strong></span> <span class='ocrx_word' id='word_1_76' title='bbox 1133 738 1348 773; x_wconf 87' lang='lat' dir='ltr'><strong>memoriam</strong></span> 
     </span>
     <span class='ocr_line' id='line_1_14' title="bbox 355 796 1350 847; baseline -0.006 -10"><span class='ocrx_word' id='word_1_77' title='bbox 355 800 456 837; x_wconf 79' lang='lat' dir='ltr'><strong>nefas</strong></span> <span class='ocrx_word' id='word_1_78' title='bbox 468 801 513 836; x_wconf 83' lang='lat' dir='ltr'><strong>sit</strong></span> <span class='ocrx_word' id='word_1_79' title='bbox 528 798 710 835; x_wconf 84' lang='lat' dir='ltr'><strong>oblivisci.</strong></span> <span class='ocrx_word' id='word_1_80' title='bbox 723 797 913 847; x_wconf 80' lang='lat' dir='ltr'><strong>Siquidem</strong></span> <span class='ocrx_word' id='word_1_81' title='bbox 926 805 1061 833; x_wconf 72' lang='lat' dir='ltr'><strong>sanctae</strong></span> <span class='ocrx_word' id='word_1_82' title='bbox 1074 796 1186 845; x_wconf 90' lang='lat' dir='ltr'><strong>hujus</strong></span> <span class='ocrx_word' id='word_1_83' title='bbox 1196 809 1237 832; x_wconf 86' lang='lat' dir='ltr'><strong>ac</strong></span> <span class='ocrx_word' id='word_1_84' title='bbox 1249 810 1350 832; x_wconf 84' lang='lat' dir='ltr'><strong>reve-</strong></span> 
     </span>
     <span class='ocr_line' id='line_1_15' title="bbox 357 856 1350 904; baseline -0.005 -9"><span class='ocrx_word' id='word_1_85' title='bbox 357 858 482 895; x_wconf 81' lang='lat' dir='ltr'><strong>rendae</strong></span> <span class='ocrx_word' id='word_1_86' title='bbox 505 857 874 895; x_wconf 72' lang='lat' dir='ltr'><strong>commemorationis</strong></span> <span class='ocrx_word' id='word_1_87' title='bbox 895 856 1138 904; x_wconf 76' lang='lat' dir='ltr'><strong>mysterium·</strong></span> <span class='ocrx_word' id='word_1_88' title='bbox 1157 884 1166 901; x_wconf 95' lang='lat'><strong>,</strong></span> <span class='ocrx_word' id='word_1_89' title='bbox 1183 868 1251 891; x_wconf 89' lang='lat' dir='ltr'><strong>suo</strong></span> <span class='ocrx_word' id='word_1_90' title='bbox 1269 868 1350 890; x_wconf 92' lang='lat' dir='ltr'><strong>mo-</strong></span> 
     </span>
     <span class='ocr_line' id='line_1_16' title="bbox 355 913 1351 966; baseline -0.005 -12"><span class='ocrx_word' id='word_1_91' title='bbox 355 917 417 962; x_wconf 88' lang='lat' dir='ltr'><strong>do,</strong></span> <span class='ocrx_word' id='word_1_92' title='bbox 439 930 508 954; x_wconf 81' lang='lat' dir='ltr'><strong>suo</strong></span> <span class='ocrx_word' id='word_1_93' title='bbox 526 926 693 966; x_wconf 89' lang='lat' dir='ltr'><strong>tempore</strong></span> <span class='ocrx_word' id='word_1_94' title='bbox 705 945 714 961; x_wconf 91' lang='lat'><strong>,</strong></span> <span class='ocrx_word' id='word_1_95' title='bbox 733 929 800 952; x_wconf 86' lang='lat' dir='ltr'><strong>suo</strong></span> <span class='ocrx_word' id='word_1_96' title='bbox 817 917 899 951; x_wconf 91' lang='lat' dir='ltr'><strong>loco</strong></span> <span class='ocrx_word' id='word_1_97' title='bbox 914 914 1104 951; x_wconf 88' lang='lat' dir='ltr'><strong>celebrare</strong></span> <span class='ocrx_word' id='word_1_98' title='bbox 1120 915 1205 950; x_wconf 89' lang='lat' dir='ltr'><strong>licet</strong></span> <span class='ocrx_word' id='word_1_99' title='bbox 1224 913 1351 963; x_wconf 82' lang='lat' dir='ltr'><strong>paucis</strong></span> 
     </span>
     <span class='ocr_line' id='line_1_17' title="bbox 354 973 1350 1024; baseline -0.005 -11"><span class='ocrx_word' id='word_1_100' title='bbox 354 977 582 1019; x_wconf 76' lang='lat' dir='ltr'><strong>hominibus,</strong></span> <span class='ocrx_word' id='word_1_101' title='bbox 599 975 737 1024; x_wconf 89' lang='lat' dir='ltr'><strong>quibus</strong></span> <span class='ocrx_word' id='word_1_102' title='bbox 753 975 825 1011; x_wconf 85' lang='lat' dir='ltr'><strong>hoc</strong></span> <span class='ocrx_word' id='word_1_103' title='bbox 839 974 1024 1010; x_wconf 86' lang='lat' dir='ltr'><strong>creditum</strong></span> <span class='ocrx_word' id='word_1_104' title='bbox 1038 982 1093 1010; x_wconf 83' lang='lat' dir='ltr'><strong>est</strong></span> <span class='ocrx_word' id='word_1_105' title='bbox 1109 973 1326 1022; x_wconf 81' lang='lat' dir='ltr'><strong>mysterium</strong></span> <span class='ocrx_word' id='word_1_106' title='bbox 1343 987 1350 1007; x_wconf 94' lang='lat'>:</span> 
     </span>
     <span class='ocr_line' id='line_1_18' title="bbox 355 1033 1351 1081; baseline -0.005 -9"><span class='ocrx_word' id='word_1_107' title='bbox 355 1050 432 1072; x_wconf 87' lang='lat' dir='ltr'><strong>rem</strong></span> <span class='ocrx_word' id='word_1_108' title='bbox 455 1050 546 1072; x_wconf 78' lang='lat' dir='ltr'><strong>vero</strong></span> <span class='ocrx_word' id='word_1_109' title='bbox 570 1035 788 1071; x_wconf 81' lang='lat' dir='ltr'><strong>sacramenti</strong></span> <span class='ocrx_word' id='word_1_110' title='bbox 811 1035 867 1069; x_wconf 81' lang='lat' dir='ltr'><strong>vel</strong></span> <span class='ocrx_word' id='word_1_111' title='bbox 893 1034 1059 1081; x_wconf 80' lang='lat' dir='ltr'><strong>mysterii</strong></span> <span class='ocrx_word' id='word_1_112' title='bbox 1081 1033 1118 1069; x_wconf 91' lang='lat' dir='ltr'><strong>in</strong></span> <span class='ocrx_word' id='word_1_113' title='bbox 1137 1033 1237 1069; x_wconf 88' lang='lat' dir='ltr'><strong>omni</strong></span> <span class='ocrx_word' id='word_1_114' title='bbox 1262 1040 1351 1067; x_wconf 86' lang='lat' dir='ltr'><strong>tem-</strong></span> 
     </span>
    </p>
   </div>
   <div class='ocr_carea' id='block_1_9' title="bbox 1412 444 2405 495">
    <p class='ocr_par' dir='ltr' id='par_1_9' title="bbox 1412 444 2405 495">
     <span class='ocr_line' id='line_1_19' title="bbox 1412 444 2405 495; baseline 0.003 -15"><span class='ocrx_word' id='word_1_115' title='bbox 1412 445 1483 481; x_wconf 86' lang='lat' dir='ltr'><strong>Scd</strong></span> <span class='ocrx_word' id='word_1_116' title='bbox 1501 454 1538 481; x_wconf 89' lang='lat' dir='ltr'><strong>et</strong></span> <span class='ocrx_word' id='word_1_117' title='bbox 1556 445 1602 481; x_wconf 88' lang='lat' dir='ltr'><strong>‹le</strong></span> <span class='ocrx_word' id='word_1_118' title='bbox 1619 444 1837 493; x_wconf 86' lang='lat' dir='ltr'><strong>quotidiana</strong></span> <span class='ocrx_word' id='word_1_119' title='bbox 1855 445 2013 482; x_wconf 88' lang='lat' dir='ltr'><strong>lectione</strong></span> <span class='ocrx_word' id='word_1_120' title='bbox 2029 446 2168 494; x_wconf 88' lang='lat' dir='ltr'><strong>aliquid</strong></span> <span class='ocrx_word' id='word_1_121' title='bbox 2186 446 2355 495; x_wconf 82' lang='lat' dir='ltr'><strong>quotidie</strong></span> <span class='ocrx_word' id='word_1_122' title='bbox 2369 447 2405 483; x_wconf 90' lang='lat' dir='ltr'><strong>in</strong></span> 
     </span>
    </p>
   </div>
   <div class='ocr_carea' id='block_1_10' title="bbox 1414 501 2408 1069">
    <p class='ocr_par' dir='ltr' id='par_1_10' title="bbox 1414 501 2408 1069">
     <span class='ocr_line' id='line_1_20' title="bbox 1414 501 2407 554; baseline 0.003 -16"><span class='ocrx_word' id='word_1_123' title='bbox 1414 512 1583 539; x_wconf 72' lang='lat' dir='ltr'><strong>ventrem</strong></span> <span class='ocrx_word' id='word_1_124' title='bbox 1606 503 1796 539; x_wconf 84' lang='lat' dir='ltr'><strong>memoriae</strong></span> <span class='ocrx_word' id='word_1_125' title='bbox 1812 502 2084 540; x_wconf 88' lang='lat' dir='ltr'><strong>demittendum</strong></span> <span class='ocrx_word' id='word_1_126' title='bbox 2105 512 2173 550; x_wconf 81' lang='lat' dir='ltr'><strong>est,</strong></span> <span class='ocrx_word' id='word_1_127' title='bbox 2193 504 2294 554; x_wconf 89' lang='lat' dir='ltr'><strong>quod</strong></span> <span class='ocrx_word' id='word_1_128' title='bbox 2317 501 2407 541; x_wconf 77' lang='lat' dir='ltr'><strong>fide-</strong></span> 
     </span>
     <span class='ocr_line' id='line_1_21' title="bbox 1418 561 2407 609; baseline 0.002 -12"><span class='ocrx_word' id='word_1_129' title='bbox 1418 562 1487 597; x_wconf 92' lang='lat' dir='ltr'><strong>lius</strong></span> <span class='ocrx_word' id='word_1_130' title='bbox 1517 561 1727 609; x_wconf 73' lang='lat' dir='ltr'><strong>digeratur,</strong></span> <span class='ocrx_word' id='word_1_131' title='bbox 1754 570 1791 597; x_wconf 92' lang='lat' dir='ltr'><strong>et</strong></span> <span class='ocrx_word' id='word_1_132' title='bbox 1816 574 1964 598; x_wconf 89' lang='lat' dir='ltr'><strong>sursum</strong></span> <span class='ocrx_word' id='word_1_133' title='bbox 1997 571 2212 599; x_wconf 86' lang='lat' dir='ltr'><strong>revocatum</strong></span> <span class='ocrx_word' id='word_1_134' title='bbox 2240 562 2407 600; x_wconf 86' lang='lat' dir='ltr'><strong>crebrius</strong></span> 
     </span>
     <span class='ocr_line' id='line_1_22' title="bbox 1416 621 2406 672; baseline 0.002 -16"><span class='ocrx_word' id='word_1_135' title='bbox 1416 621 1644 664; x_wconf 83' lang='lat' dir='ltr'><strong>ruminetur3</strong></span> <span class='ocrx_word' id='word_1_136' title='bbox 1680 621 1783 669; x_wconf 89' lang='lat' dir='ltr'><strong>quod</strong></span> <span class='ocrx_word' id='word_1_137' title='bbox 1823 622 2020 670; x_wconf 90' lang='lat' dir='ltr'><strong>proposito</strong></span> <span class='ocrx_word' id='word_1_138' title='bbox 2050 622 2271 668; x_wconf 87' lang='lat' dir='ltr'><strong>conveniat,</strong></span> <span class='ocrx_word' id='word_1_139' title='bbox 2304 623 2406 672; x_wconf 91' lang='lat' dir='ltr'><strong>quod</strong></span> 
     </span>
     <span class='ocr_line' id='line_1_23' title="bbox 1416 680 2408 728; baseline 0.002 -13"><span class='ocrx_word' id='word_1_140' title='bbox 1416 680 1614 716; x_wconf 90' lang='lat' dir='ltr'><strong>intentioni</strong></span> <span class='ocrx_word' id='word_1_141' title='bbox 1642 680 1813 728; x_wconf 81' lang='lat' dir='ltr'><strong>proficiat</strong></span> <span class='ocrx_word' id='word_1_142' title='bbox 1826 707 1835 724; x_wconf 91' lang='lat'><strong>,</strong></span> <span class='ocrx_word' id='word_1_143' title='bbox 1857 680 1960 728; x_wconf 91' lang='lat' dir='ltr'><strong>quod</strong></span> <span class='ocrx_word' id='word_1_144' title='bbox 1977 680 2141 717; x_wconf 89' lang='lat' dir='ltr'><strong>detineat</strong></span> <span class='ocrx_word' id='word_1_145' title='bbox 2159 681 2324 717; x_wconf 87' lang='lat' dir='ltr'><strong>animum</strong></span> <span class='ocrx_word' id='word_1_146' title='bbox 2337 709 2346 726; x_wconf 96' lang='lat'><strong>,</strong></span> <span class='ocrx_word' id='word_1_147' title='bbox 2366 690 2408 718; x_wconf 88' lang='lat' dir='ltr'><strong>ut</strong></span> 
     </span>
     <span class='ocr_line' id='line_1_24' title="bbox 1415 737 2407 789; baseline 0.002 -15"><span class='ocrx_word' id='word_1_148' title='bbox 1415 739 1533 774; x_wconf 88' lang='lat' dir='ltr'><strong>aliena</strong></span> <span class='ocrx_word' id='word_1_149' title='bbox 1561 737 1723 786; x_wconf 83' lang='lat' dir='ltr'><strong>cogitare</strong></span> <span class='ocrx_word' id='word_1_150' title='bbox 1741 751 1816 774; x_wconf 91' lang='lat' dir='ltr'><strong>non</strong></span> <span class='ocrx_word' id='word_1_151' title='bbox 1836 738 1962 776; x_wconf 89' lang='lat' dir='ltr'><strong>libeat.</strong></span> <span class='ocrx_word' id='word_1_152' title='bbox 1980 739 2218 776; x_wconf 88' lang='lat' dir='ltr'><strong>Hauriendus</strong></span> <span class='ocrx_word' id='word_1_153' title='bbox 2237 748 2292 776; x_wconf 89' lang='lat' dir='ltr'><strong>est</strong></span> <span class='ocrx_word' id='word_1_154' title='bbox 2310 752 2407 789; x_wconf 85' lang='lat' dir='ltr'><strong>saepe</strong></span> 
     </span>
     <span class='ocr_line' id='line_1_25' title="bbox 1417 797 2404 842; baseline 0.004 -11"><span class='ocrx_word' id='word_1_155' title='bbox 1417 797 1462 832; x_wconf 87' lang='lat' dir='ltr'><strong>de</strong></span> <span class='ocrx_word' id='word_1_156' title='bbox 1488 797 1657 832; x_wconf 83' lang='lat' dir='ltr'><strong>lectionis</strong></span> <span class='ocrx_word' id='word_1_157' title='bbox 1677 797 1772 833; x_wconf 86' lang='lat' dir='ltr'><strong>serie</strong></span> <span class='ocrx_word' id='word_1_158' title='bbox 1791 797 1945 834; x_wconf 79' lang='lat' dir='ltr'><strong>affectus</strong></span> <span class='ocrx_word' id='word_1_159' title='bbox 1959 825 1968 842; x_wconf 96' lang='lat'><strong>,</strong></span> <span class='ocrx_word' id='word_1_160' title='bbox 1990 807 2027 834; x_wconf 89' lang='lat' dir='ltr'><strong>et</strong></span> <span class='ocrx_word' id='word_1_161' title='bbox 2050 798 2243 835; x_wconf 82' lang='lat' dir='ltr'><strong>formanda</strong></span> <span class='ocrx_word' id='word_1_162' title='bbox 2262 799 2382 836; x_wconf 89' lang='lat' dir='ltr'><strong>oratio</strong></span> <span class='ocrx_word' id='word_1_163' title='bbox 2395 827 2404 841; x_wconf 80' lang='grc'><em>,</em></span> 
     </span>
     <span class='ocr_line' id='line_1_26' title="bbox 1417 856 2407 907; baseline 0.003 -16"><span class='ocrx_word' id='word_1_164' title='bbox 1417 869 1500 904; x_wconf 84' lang='lat' dir='ltr'><strong>quae</strong></span> <span class='ocrx_word' id='word_1_165' title='bbox 1525 856 1722 892; x_wconf 90' lang='lat' dir='ltr'><strong>lectionem</strong></span> <span class='ocrx_word' id='word_1_166' title='bbox 1747 857 2017 906; x_wconf 81' lang='lat' dir='ltr'><strong>interrumpat,</strong></span> <span class='ocrx_word' id='word_1_167' title='bbox 2039 865 2076 894; x_wconf 87' lang='lat' dir='ltr'><strong>et</strong></span> <span class='ocrx_word' id='word_1_168' title='bbox 2099 871 2174 893; x_wconf 90' lang='lat' dir='ltr'><strong>non</strong></span> <span class='ocrx_word' id='word_1_169' title='bbox 2194 866 2266 894; x_wconf 90' lang='lat' dir='ltr'><strong>tam</strong></span> <span class='ocrx_word' id='word_1_170' title='bbox 2287 858 2407 907; x_wconf 89' lang='lat' dir='ltr'><strong>impe-</strong></span> 
     </span>
     <span class='ocr_line' id='line_1_27' title="bbox 1417 915 2406 965; baseline 0.001 -15"><span class='ocrx_word' id='word_1_171' title='bbox 1417 915 1493 951; x_wconf 85' lang='lat' dir='ltr'><strong>diat</strong></span> <span class='ocrx_word' id='word_1_172' title='bbox 1517 915 1850 964; x_wconf 86' lang='lat' dir='ltr'><strong>interrumpendo,</strong></span> <span class='ocrx_word' id='word_1_173' title='bbox 1875 928 1986 965; x_wconf 91' lang='lat' dir='ltr'><strong>quam</strong></span> <span class='ocrx_word' id='word_1_174' title='bbox 2014 917 2204 965; x_wconf 88' lang='lat' dir='ltr'><strong>puriorem</strong></span> <span class='ocrx_word' id='word_1_175' title='bbox 2225 916 2406 952; x_wconf 82' lang='lat' dir='ltr'><strong>continuo</strong></span> 
     </span>
     <span class='ocr_line' id='line_1_28' title="bbox 1418 973 2407 1022; baseline 0.002 -14"><span class='ocrx_word' id='word_1_176' title='bbox 1418 974 1581 1009; x_wconf 90' lang='lat' dir='ltr'><strong>animum</strong></span> <span class='ocrx_word' id='word_1_177' title='bbox 1598 973 1644 1009; x_wconf 91' lang='lat' dir='ltr'><strong>ad</strong></span> <span class='ocrx_word' id='word_1_178' title='bbox 1665 974 1945 1022; x_wconf 79' lang='lat' dir='ltr'><strong>intelligentiam</strong></span> <span class='ocrx_word' id='word_1_179' title='bbox 1967 975 2135 1011; x_wconf 91' lang='lat' dir='ltr'><strong>lectionis</strong></span> <span class='ocrx_word' id='word_1_180' title='bbox 2152 974 2407 1011; x_wconf 86' lang='lat' dir='ltr'><strong>restituat.1u-</strong></span> 
     </span>
     <span class='ocr_line' id='line_1_29' title="bbox 1419 1032 2406 1069; baseline 0.001 -2"><span class='ocrx_word' id='word_1_181' title='bbox 1419 1032 1574 1067; x_wconf 92' lang='lat' dir='ltr'><strong>tentioni</strong></span> <span class='ocrx_word' id='word_1_182' title='bbox 1592 1032 1706 1067; x_wconf 84' lang='lat' dir='ltr'><strong>servit</strong></span> <span class='ocrx_word' id='word_1_183' title='bbox 1733 1033 1853 1068; x_wconf 87' lang='lat' dir='ltr'><strong>lectio.</strong></span> <span class='ocrx_word' id='word_1_184' title='bbox 1878 1033 1914 1069; x_wconf 90' lang='lat' dir='ltr'><strong>Si</strong></span> <span class='ocrx_word' id='word_1_185' title='bbox 1940 1046 2028 1069; x_wconf 90' lang='lat' dir='ltr'><strong>vere</strong></span> <span class='ocrx_word' id='word_1_186' title='bbox 2050 1033 2087 1068; x_wconf 93' lang='lat' dir='ltr'><strong>in</strong></span> <span class='ocrx_word' id='word_1_187' title='bbox 2109 1033 2269 1068; x_wconf 89' lang='lat' dir='ltr'><strong>lectione</strong></span> <span class='ocrx_word' id='word_1_188' title='bbox 2285 1035 2406 1069; x_wconf 90' lang='lat' dir='ltr'><strong>Deum</strong></span> 
     </span>
    </p>
   </div>
   <div class='ocr_carea' id='block_1_11' title="bbox 355 1091 2408 1143">
    <p class='ocr_par' dir='ltr' id='par_1_11' title="bbox 355 1091 2408 1143">
     <span class='ocr_line' id='line_1_30' title="bbox 355 1091 2408 1143; baseline -0.002 -12"><span class='ocrx_word' id='word_1_189' title='bbox 355 1108 458 1143; x_wconf 85' lang='lat' dir='ltr'><strong>pore,</strong></span> <span class='ocrx_word' id='word_1_190' title='bbox 477 1104 513 1131; x_wconf 87' lang='lat' dir='ltr'><strong>et</strong></span> <span class='ocrx_word' id='word_1_191' title='bbox 529 1095 631 1130; x_wconf 90' lang='lat' dir='ltr'><strong>omni</strong></span> <span class='ocrx_word' id='word_1_192' title='bbox 651 1095 732 1129; x_wconf 87' lang='lat' dir='ltr'><strong>loco</strong></span> <span class='ocrx_word' id='word_1_193' title='bbox 750 1093 1018 1128; x_wconf 88' lang='lat' dir='ltr'><strong>dominationis</strong></span> <span class='ocrx_word' id='word_1_194' title='bbox 1040 1092 1120 1135; x_wconf 88' lang='lat' dir='ltr'><strong>Dei,</strong></span> <span class='ocrx_word' id='word_1_195' title='bbox 1141 1091 1254 1128; x_wconf 90' lang='lat' dir='ltr'><strong>modo</strong></span> <span class='ocrx_word' id='word_1_196' title='bbox 1270 1104 1347 1139; x_wconf 90' lang='lat' dir='ltr'><strong>quo</strong></span> <span class='ocrx_word' id='word_1_197' title='bbox 1369 1093 1395 1126; x_wconf 90' lang='lat' dir='ltr'>B</span> <span class='ocrx_word' id='word_1_198' title='bbox 1415 1091 1547 1139; x_wconf 82' lang='lat' dir='ltr'><strong>quaerit</strong></span> <span class='ocrx_word' id='word_1_199' title='bbox 1571 1091 1635 1140; x_wconf 92' lang='lat' dir='ltr'><strong>qui</strong></span> <span class='ocrx_word' id='word_1_200' title='bbox 1662 1091 1766 1139; x_wconf 85' lang='lat' dir='ltr'><strong>legit,</strong></span> <span class='ocrx_word' id='word_1_201' title='bbox 1789 1091 1916 1127; x_wconf 85' lang='lat' dir='ltr'><strong>omnia</strong></span> <span class='ocrx_word' id='word_1_202' title='bbox 1939 1104 2023 1139; x_wconf 88' lang='lat' dir='ltr'><strong>quae</strong></span> <span class='ocrx_word' id='word_1_203' title='bbox 2045 1091 2133 1139; x_wconf 84' lang='lat' dir='ltr'><strong>legit</strong></span> <span class='ocrx_word' id='word_1_204' title='bbox 2154 1098 2408 1140; x_wconf 86' lang='lat' dir='ltr'><strong>cooperantur</strong></span> 
     </span>
    </p>
   </div>
   <div class='ocr_carea' id='block_1_12' title="bbox 354 1150 1354 1844">
    <p class='ocr_par' dir='ltr' id='par_1_12' title="bbox 354 1150 1354 1844">
     <span class='ocr_line' id='line_1_31' title="bbox 358 1150 1343 1199; baseline -0.003 -11"><span class='ocrx_word' id='word_1_205' title='bbox 358 1155 534 1190; x_wconf 85' lang='lat' dir='ltr'><strong>traditum</strong></span> <span class='ocrx_word' id='word_1_206' title='bbox 563 1162 635 1198; x_wconf 85' lang='lat' dir='ltr'><strong>est,</strong></span> <span class='ocrx_word' id='word_1_207' title='bbox 662 1153 732 1188; x_wconf 86' lang='lat' dir='ltr'><strong>hoc</strong></span> <span class='ocrx_word' id='word_1_208' title='bbox 763 1161 818 1188; x_wconf 89' lang='lat' dir='ltr'><strong>est</strong></span> <span class='ocrx_word' id='word_1_209' title='bbox 845 1151 979 1187; x_wconf 87' lang='lat' dir='ltr'><strong>‹lebitae</strong></span> <span class='ocrx_word' id='word_1_210' title='bbox 1012 1151 1159 1199; x_wconf 86' lang='lat' dir='ltr'><strong>pietatis</strong></span> <span class='ocrx_word' id='word_1_211' title='bbox 1186 1150 1343 1193; x_wconf 79' lang='lat' dir='ltr'><strong>affectu,</strong></span> 
     </span>
     <span class='ocr_line' id='line_1_32' title="bbox 355 1209 1349 1259; baseline -0.005 -10"><span class='ocrx_word' id='word_1_212' title='bbox 355 1225 484 1259; x_wconf 71' lang='lat' dir='ltr'><strong>agere,</strong></span> <span class='ocrx_word' id='word_1_213' title='bbox 511 1221 548 1248; x_wconf 87' lang='lat' dir='ltr'><strong>ct</strong></span> <span class='ocrx_word' id='word_1_214' title='bbox 578 1221 753 1256; x_wconf 87' lang='lat' dir='ltr'><strong>tractare,</strong></span> <span class='ocrx_word' id='word_1_215' title='bbox 781 1219 818 1247; x_wconf 91' lang='lat' dir='ltr'><strong>et</strong></span> <span class='ocrx_word' id='word_1_216' title='bbox 848 1223 995 1246; x_wconf 89' lang='lat' dir='ltr'><strong>sumere</strong></span> <span class='ocrx_word' id='word_1_217' title='bbox 1023 1209 1094 1245; x_wconf 86' lang='lat' dir='ltr'><strong>sibi</strong></span> <span class='ocrx_word' id='word_1_218' title='bbox 1129 1211 1166 1244; x_wconf 87' lang='lat' dir='ltr'><strong>in</strong></span> <span class='ocrx_word' id='word_1_219' title='bbox 1193 1209 1349 1245; x_wconf 88' lang='lat' dir='ltr'><strong>salutem</strong></span> 
     </span>
     <span class='ocr_line' id='line_1_33' title="bbox 355 1267 1351 1319; baseline -0.004 -14"><span class='ocrx_word' id='word_1_220' title='bbox 355 1271 531 1307; x_wconf 86' lang='lat' dir='ltr'><strong>omnibus</strong></span> <span class='ocrx_word' id='word_1_221' title='bbox 563 1272 602 1306; x_wconf 89' lang='lat' dir='ltr'><strong>in</strong></span> <span class='ocrx_word' id='word_1_222' title='bbox 633 1278 811 1319; x_wconf 87' lang='lat' dir='ltr'><strong>promptu</strong></span> <span class='ocrx_word' id='word_1_223' title='bbox 842 1277 916 1313; x_wconf 87' lang='lat' dir='ltr'><strong>cst,</strong></span> <span class='ocrx_word' id='word_1_224' title='bbox 939 1268 1078 1316; x_wconf 87' lang='lat' dir='ltr'><strong>quibus</strong></span> <span class='ocrx_word' id='word_1_225' title='bbox 1101 1267 1254 1313; x_wconf 89' lang='lat' dir='ltr'><strong>dicitur,</strong></span> <span class='ocrx_word' id='word_1_226' title='bbox 1283 1270 1351 1301; x_wconf 73' lang='lat' dir='ltr'><strong>Vos</strong></span> 
     </span>
     <span class='ocr_line' id='line_1_34' title="bbox 355 1329 1351 1377; baseline -0.005 -13"><span class='ocrx_word' id='word_1_227' title='bbox 355 1339 476 1364; x_wconf 76' lang='lat' dir='ltr'><strong>aulem</strong></span> <span class='ocrx_word' id='word_1_228' title='bbox 495 1343 609 1377; x_wconf 70' lang='lat' dir='ltr'><strong>genus</strong></span> <span class='ocrx_word' id='word_1_229' title='bbox 635 1332 787 1364; x_wconf 66' lang='lat' dir='ltr'><strong>clm-eum</strong></span> <span class='ocrx_word' id='word_1_230' title='bbox 803 1355 812 1371; x_wconf 93' lang='lat'><strong>,</strong></span> <span class='ocrx_word' id='word_1_231' title='bbox 837 1331 960 1374; x_wconf 75' lang='lat' dir='ltr'><strong>regale</strong></span> <span class='ocrx_word' id='word_1_232' title='bbox 983 1329 1241 1369; x_wconf 74' lang='lat' dir='ltr'><strong>sacerdotium,</strong></span> <span class='ocrx_word' id='word_1_233' title='bbox 1261 1340 1351 1373; x_wconf 80' lang='lat' dir='ltr'><strong>gens</strong></span> 
     </span>
     <span class='ocr_line' id='line_1_35' title="bbox 354 1388 1353 1435; baseline -0.003 -13"><span class='ocrx_word' id='word_1_234' title='bbox 354 1398 497 1432; x_wconf 74' lang='lat' dir='ltr'><strong>macta,</strong></span> <span class='ocrx_word' id='word_1_235' title='bbox 512 1391 671 1435; x_wconf 78' lang='lat' dir='ltr'><strong>pupulus</strong></span> <span class='ocrx_word' id='word_1_236' title='bbox 685 1388 938 1433; x_wconf 66' lang='lat' dir='ltr'><strong>acanvitt&#39;ouis</strong></span> <span class='ocrx_word' id='word_1_237' title='bbox 956 1399 967 1418; x_wconf 94' lang='grc'><strong>.·</strong></span> <span class='ocrx_word' id='word_1_238' title='bbox 984 1394 1020 1420; x_wconf 81' lang='grc' dir='ltr'><strong>ιιι</strong></span> <span class='ocrx_word' id='word_1_239' title='bbox 1039 1389 1187 1419; x_wconf 77' lang='lat' dir='ltr'><strong>virtutes</strong></span> <span class='ocrx_word' id='word_1_240' title='bbox 1207 1398 1353 1419; x_wconf 74' lang='lat' dir='ltr'><strong>aarum·</strong></span> 
     </span>
     <span class='ocr_line' id='line_1_36' title="bbox 357 1444 1352 1493; baseline -0.003 -12"><span class='ocrx_word' id='word_1_241' title='bbox 357 1452 454 1482; x_wconf 70' lang='lat' dir='ltr'><strong>netis</strong></span> <span class='ocrx_word' id='word_1_242' title='bbox 475 1452 567 1491; x_wconf 74' lang='lat' dir='ltr'><strong>ejus,</strong></span> <span class='ocrx_word' id='word_1_243' title='bbox 589 1451 650 1493; x_wconf 81' lang='lat' dir='ltr'><strong>qui</strong></span> <span class='ocrx_word' id='word_1_244' title='bbox 674 1447 720 1480; x_wconf 84' lang='lat' dir='ltr'><strong>de</strong></span> <span class='ocrx_word' id='word_1_245' title='bbox 739 1444 898 1479; x_wconf 81' lang='lat' dir='ltr'><strong>tem-bris</strong></span> <span class='ocrx_word' id='word_1_246' title='bbox 924 1457 986 1478; x_wconf 79' lang='lat' dir='ltr'><strong>uos</strong></span> <span class='ocrx_word' id='word_1_247' title='bbox 1013 1447 1151 1478; x_wconf 76' lang='lat' dir='ltr'><strong>vocavit</strong></span> <span class='ocrx_word' id='word_1_248' title='bbox 1172 1446 1208 1477; x_wconf 81' lang='lat' dir='ltr'><strong>in</strong></span> <span class='ocrx_word' id='word_1_249' title='bbox 1228 1445 1352 1478; x_wconf 80' lang='lat' dir='ltr'><strong>admi-</strong></span> 
     </span>
     <span class='ocr_line' id='line_1_37' title="bbox 359 1502 1354 1539; baseline -0.002 0"><span class='ocrx_word' id='word_1_250' title='bbox 359 1504 472 1539; x_wconf 74' lang='lat' dir='ltr'><strong>rabile</strong></span> <span class='ocrx_word' id='word_1_251' title='bbox 491 1507 610 1539; x_wconf 75' lang='lat' dir='ltr'><strong>lumen</strong></span> <span class='ocrx_word' id='word_1_252' title='bbox 631 1516 736 1538; x_wconf 81' lang='lat' dir='ltr'><strong>suum</strong></span> <span class='ocrx_word' id='word_1_253' title='bbox 750 1508 776 1538; x_wconf 85' lang='lat'><strong>².</strong></span> <span class='ocrx_word' id='word_1_254' title='bbox 796 1505 887 1538; x_wconf 68' lang='lat' dir='ltr'><strong>Nam</strong></span> <span class='ocrx_word' id='word_1_255' title='bbox 907 1510 943 1538; x_wconf 83' lang='lat' dir='ltr'><strong>et</strong></span> <span class='ocrx_word' id='word_1_256' title='bbox 963 1504 1242 1538; x_wconf 81' lang='lat' dir='ltr'><strong>Sacramentum</strong></span> <span class='ocrx_word' id='word_1_257' title='bbox 1259 1502 1354 1537; x_wconf 82' lang='lat' dir='ltr'><strong>sicut</strong></span> 
     </span>
     <span class='ocr_line' id='line_1_38' title="bbox 356 1560 1354 1611; baseline -0.002 -13"><span class='ocrx_word' id='word_1_258' title='bbox 356 1564 490 1611; x_wconf 85' lang='lat' dir='ltr'><strong>accipit</strong></span> <span class='ocrx_word' id='word_1_259' title='bbox 509 1562 555 1598; x_wconf 89' lang='lat' dir='ltr'><strong>ad</strong></span> <span class='ocrx_word' id='word_1_260' title='bbox 575 1563 686 1598; x_wconf 77' lang='lat' dir='ltr'><strong>vitam</strong></span> <span class='ocrx_word' id='word_1_261' title='bbox 704 1561 857 1610; x_wconf 82' lang='lat' dir='ltr'><strong>dignus;</strong></span> <span class='ocrx_word' id='word_1_262' title='bbox 880 1561 931 1596; x_wconf 80' lang='lat' dir='ltr'><strong>sic</strong></span> <span class='ocrx_word' id='word_1_263' title='bbox 955 1560 1000 1596; x_wconf 87' lang='lat' dir='ltr'><strong>ad</strong></span> <span class='ocrx_word' id='word_1_264' title='bbox 1018 1568 1176 1596; x_wconf 90' lang='lat' dir='ltr'><strong>mortem</strong></span> <span class='ocrx_word' id='word_1_265' title='bbox 1199 1573 1300 1596; x_wconf 82' lang='lat' dir='ltr'><strong>suam</strong></span> <span class='ocrx_word' id='word_1_266' title='bbox 1317 1569 1354 1596; x_wconf 90' lang='lat' dir='ltr'><strong>ct</strong></span> 
     </span>
     <span class='ocr_line' id='line_1_39' title="bbox 355 1619 1351 1669; baseline -0.003 -12"><span class='ocrx_word' id='word_1_267' title='bbox 355 1621 539 1669; x_wconf 87' lang='lat' dir='ltr'><strong>judicium</strong></span> <span class='ocrx_word' id='word_1_268' title='bbox 555 1620 590 1663; x_wconf 72' lang='lat' dir='ltr'><strong>b,</strong></span> <span class='ocrx_word' id='word_1_269' title='bbox 609 1621 782 1669; x_wconf 84' lang='lat' dir='ltr'><strong>indignus</strong></span> <span class='ocrx_word' id='word_1_270' title='bbox 801 1634 808 1655; x_wconf 75' lang='grc' dir='ltr'>ε</span> <span class='ocrx_word' id='word_1_271' title='bbox 829 1632 905 1655; x_wconf 84' lang='lat' dir='ltr'><strong>rem</strong></span> <span class='ocrx_word' id='word_1_272' title='bbox 926 1632 1016 1655; x_wconf 80' lang='lat' dir='ltr'><strong>vero</strong></span> <span class='ocrx_word' id='word_1_273' title='bbox 1036 1619 1266 1655; x_wconf 85' lang='lat' dir='ltr'><strong>Sacramenti</strong></span> <span class='ocrx_word' id='word_1_274' title='bbox 1285 1632 1351 1655; x_wconf 88' lang='lat' dir='ltr'><strong>ne-</strong></span> 
     </span>
     <span class='ocr_line' id='line_1_40' title="bbox 360 1678 1353 1729; baseline -0.002 -14"><span class='ocrx_word' id='word_1_275' title='bbox 360 1694 420 1716; x_wconf 87' lang='lat' dir='ltr'><strong>mo</strong></span> <span class='ocrx_word' id='word_1_276' title='bbox 441 1680 597 1729; x_wconf 79' lang='lat' dir='ltr'><strong>percipit</strong></span> <span class='ocrx_word' id='word_1_277' title='bbox 622 1681 692 1716; x_wconf 88' lang='lat' dir='ltr'><strong>nisi</strong></span> <span class='ocrx_word' id='word_1_278' title='bbox 719 1679 853 1728; x_wconf 91' lang='lat' dir='ltr'><strong>dignus</strong></span> <span class='ocrx_word' id='word_1_279' title='bbox 879 1686 915 1714; x_wconf 89' lang='lat' dir='ltr'><strong>et</strong></span> <span class='ocrx_word' id='word_1_280' title='bbox 945 1678 1113 1714; x_wconf 90' lang='lat' dir='ltr'><strong>idoneus.</strong></span> <span class='ocrx_word' id='word_1_281' title='bbox 1134 1680 1353 1714; x_wconf 88' lang='lat' dir='ltr'><strong>Sacramen-</strong></span> 
     </span>
     <span class='ocr_line' id='line_1_41' title="bbox 359 1737 1352 1776; baseline -0.002 -2"><span class='ocrx_word' id='word_1_282' title='bbox 359 1749 436 1776; x_wconf 90' lang='lat' dir='ltr'><strong>tum</strong></span> <span class='ocrx_word' id='word_1_283' title='bbox 469 1740 568 1775; x_wconf 90' lang='lat' dir='ltr'><strong>enim</strong></span> <span class='ocrx_word' id='word_1_284' title='bbox 603 1740 682 1775; x_wconf 91' lang='lat' dir='ltr'><strong>sine</strong></span> <span class='ocrx_word' id='word_1_285' title='bbox 718 1752 756 1774; x_wconf 91' lang='lat' dir='ltr'><strong>re</strong></span> <span class='ocrx_word' id='word_1_286' title='bbox 795 1737 1022 1773; x_wconf 85' lang='lat' dir='ltr'><strong>Sacramenti</strong></span> <span class='ocrx_word' id='word_1_287' title='bbox 1060 1737 1221 1772; x_wconf 83' lang='lat' dir='ltr'><strong>sumenti</strong></span> <span class='ocrx_word' id='word_1_288' title='bbox 1251 1750 1352 1773; x_wconf 89' lang='lat' dir='ltr'><strong>mors</strong></span> 
     </span>
     <span class='ocr_line' id='line_1_42' title="bbox 359 1796 1351 1844; baseline -0.003 -10"><span class='ocrx_word' id='word_1_289' title='bbox 359 1807 413 1834; x_wconf 86' lang='lat' dir='ltr'><strong>est</strong></span> <span class='ocrx_word' id='word_1_290' title='bbox 435 1813 442 1834; x_wconf 87' lang='lat'>:</span> <span class='ocrx_word' id='word_1_291' title='bbox 463 1811 520 1834; x_wconf 85' lang='lat' dir='ltr'><strong>res</strong></span> <span class='ocrx_word' id='word_1_292' title='bbox 539 1811 628 1834; x_wconf 86' lang='lat' dir='ltr'><strong>vero</strong></span> <span class='ocrx_word' id='word_1_293' title='bbox 648 1796 898 1839; x_wconf 76' lang='lat' dir='ltr'><strong>Sam-amenti,</strong></span> <span class='ocrx_word' id='word_1_294' title='bbox 916 1796 1026 1832; x_wconf 86' lang='lat' dir='ltr'><strong>etiam</strong></span> <span class='ocrx_word' id='word_1_295' title='bbox 1039 1823 1049 1838; x_wconf 90' lang='lat'><em>‚</em></span> <span class='ocrx_word' id='word_1_296' title='bbox 1068 1803 1205 1844; x_wconf 85' lang='lat' dir='ltr'><strong>praeter</strong></span> <span class='ocrx_word' id='word_1_297' title='bbox 1220 1799 1351 1831; x_wconf 85' lang='lat' dir='ltr'><strong>Sacra-</strong></span> 
     </span>
    </p>
   </div>
   <div class='ocr_carea' id='block_1_13' title="bbox 362 1855 1399 1901">
    <p class='ocr_par' dir='ltr' id='par_1_13' title="bbox 362 1855 1399 1901">
     <span class='ocr_line' id='line_1_43' title="bbox 362 1855 1399 1901; baseline -0.002 -10"><span class='ocrx_word' id='word_1_298' title='bbox 362 1865 548 1901; x_wconf 88' lang='lat' dir='ltr'><strong>mentum,</strong></span> <span class='ocrx_word' id='word_1_299' title='bbox 569 1857 729 1892; x_wconf 86' lang='lat' dir='ltr'><strong>sumenti</strong></span> <span class='ocrx_word' id='word_1_300' title='bbox 745 1857 818 1891; x_wconf 79' lang='lat' dir='ltr'><strong>vita</strong></span> <span class='ocrx_word' id='word_1_301' title='bbox 839 1863 978 1891; x_wconf 86' lang='lat' dir='ltr'><strong>aeterna</strong></span> <span class='ocrx_word' id='word_1_302' title='bbox 995 1863 1061 1890; x_wconf 89' lang='lat' dir='ltr'><strong>est.</strong></span> <span class='ocrx_word' id='word_1_303' title='bbox 1079 1855 1115 1891; x_wconf 90' lang='lat' dir='ltr'><strong>Si</strong></span> <span class='ocrx_word' id='word_1_304' title='bbox 1135 1863 1257 1890; x_wconf 88' lang='lat' dir='ltr'><strong>autem</strong></span> <span class='ocrx_word' id='word_1_305' title='bbox 1274 1855 1350 1897; x_wconf 88' lang='lat' dir='ltr'><strong>vis,</strong></span> <span class='ocrx_word' id='word_1_306' title='bbox 1373 1858 1399 1893; x_wconf 96' lang='lat' dir='ltr'>C</span> 
     </span>
    </p>
   </div>
   <div class='ocr_carea' id='block_1_14' title="bbox 359 1913 1355 2607">
    <p class='ocr_par' dir='ltr' id='par_1_14' title="bbox 359 1913 1354 2378">
     <span class='ocr_line' id='line_1_44' title="bbox 362 1913 1354 1962; baseline -0.003 -11"><span class='ocrx_word' id='word_1_307' title='bbox 362 1924 398 1952; x_wconf 84' lang='lat' dir='ltr'><strong>ct</strong></span> <span class='ocrx_word' id='word_1_308' title='bbox 420 1929 504 1952; x_wconf 71' lang='lat' dir='ltr'><strong>vere</strong></span> <span class='ocrx_word' id='word_1_309' title='bbox 529 1917 602 1959; x_wconf 80' lang='lat' dir='ltr'><strong>vis,</strong></span> <span class='ocrx_word' id='word_1_310' title='bbox 620 1915 797 1951; x_wconf 89' lang='lat' dir='ltr'><strong>omnibus</strong></span> <span class='ocrx_word' id='word_1_311' title='bbox 818 1915 942 1959; x_wconf 91' lang='lat' dir='ltr'><strong>horis,</strong></span> <span class='ocrx_word' id='word_1_312' title='bbox 965 1923 1037 1949; x_wconf 87' lang='lat' dir='ltr'><strong>tam</strong></span> <span class='ocrx_word' id='word_1_313' title='bbox 1062 1913 1134 1949; x_wconf 87' lang='lat' dir='ltr'><strong>diei</strong></span> <span class='ocrx_word' id='word_1_314' title='bbox 1151 1927 1262 1962; x_wconf 87' lang='lat' dir='ltr'><strong>quam</strong></span> <span class='ocrx_word' id='word_1_315' title='bbox 1285 1927 1354 1949; x_wconf 90' lang='lat' dir='ltr'><strong>no-</strong></span> 
     </span>
     <span class='ocr_line' id='line_1_45' title="bbox 360 1973 1353 2023; baseline -0.003 -12"><span class='ocrx_word' id='word_1_316' title='bbox 360 1976 445 2017; x_wconf 83' lang='lat' dir='ltr'><strong>ctis,</strong></span> <span class='ocrx_word' id='word_1_317' title='bbox 465 1976 536 2011; x_wconf 88' lang='lat' dir='ltr'><strong>hoc</strong></span> <span class='ocrx_word' id='word_1_318' title='bbox 557 1975 623 2011; x_wconf 87' lang='lat' dir='ltr'><strong>tibi</strong></span> <span class='ocrx_word' id='word_1_319' title='bbox 645 1976 682 2011; x_wconf 87' lang='lat' dir='ltr'><strong>iu</strong></span> <span class='ocrx_word' id='word_1_320' title='bbox 707 1975 797 2010; x_wconf 89' lang='lat' dir='ltr'><strong>cella</strong></span> <span class='ocrx_word' id='word_1_321' title='bbox 815 1983 876 2010; x_wconf 90' lang='lat' dir='ltr'><strong>tua</strong></span> <span class='ocrx_word' id='word_1_322' title='bbox 894 1982 1031 2023; x_wconf 87' lang='lat' dir='ltr'><strong>praesto</strong></span> <span class='ocrx_word' id='word_1_323' title='bbox 1052 1982 1119 2009; x_wconf 87' lang='lat' dir='ltr'><strong>est.</strong></span> <span class='ocrx_word' id='word_1_324' title='bbox 1143 1973 1298 2020; x_wconf 83' lang='lat' dir='ltr'><strong>Quoties</strong></span> <span class='ocrx_word' id='word_1_325' title='bbox 1316 1973 1353 2008; x_wconf 92' lang='lat' dir='ltr'><strong>in</strong></span> 
     </span>
     <span class='ocr_line' id='line_1_46' title="bbox 360 2033 1352 2082; baseline -0.002 -13"><span class='ocrx_word' id='word_1_326' title='bbox 360 2035 757 2071; x_wconf 73' lang='lat' dir='ltr'><strong>commemorationem</strong></span> <span class='ocrx_word' id='word_1_327' title='bbox 786 2033 866 2082; x_wconf 88' lang='lat' dir='ltr'><strong>ejus</strong></span> <span class='ocrx_word' id='word_1_328' title='bbox 890 2033 954 2081; x_wconf 89' lang='lat' dir='ltr'><strong>qui</strong></span> <span class='ocrx_word' id='word_1_329' title='bbox 983 2046 1052 2082; x_wconf 87' lang='lat' dir='ltr'><strong>pro</strong></span> <span class='ocrx_word' id='word_1_330' title='bbox 1077 2041 1111 2068; x_wconf 90' lang='lat' dir='ltr'><strong>te</strong></span> <span class='ocrx_word' id='word_1_331' title='bbox 1129 2044 1259 2080; x_wconf 86' lang='lat' dir='ltr'><strong>passus</strong></span> <span class='ocrx_word' id='word_1_332' title='bbox 1278 2040 1352 2075; x_wconf 88' lang='lat' dir='ltr'><strong>est,</strong></span> 
     </span>
     <span class='ocr_line' id='line_1_47' title="bbox 361 2091 1352 2142; baseline -0.002 -14"><span class='ocrx_word' id='word_1_333' title='bbox 361 2093 432 2129; x_wconf 85' lang='lat' dir='ltr'><strong>hoc</strong></span> <span class='ocrx_word' id='word_1_334' title='bbox 460 2094 556 2130; x_wconf 84' lang='lat' dir='ltr'><strong>facto</strong></span> <span class='ocrx_word' id='word_1_335' title='bbox 578 2093 659 2142; x_wconf 89' lang='lat' dir='ltr'><strong>ejus</strong></span> <span class='ocrx_word' id='word_1_336' title='bbox 689 2093 748 2142; x_wconf 89' lang='lat' dir='ltr'><strong>pie</strong></span> <span class='ocrx_word' id='word_1_337' title='bbox 773 2106 815 2128; x_wconf 92' lang='lat' dir='ltr'><strong>ac</strong></span> <span class='ocrx_word' id='word_1_338' title='bbox 841 2092 1002 2128; x_wconf 85' lang='lat' dir='ltr'><strong>fideliter</strong></span> <span class='ocrx_word' id='word_1_339' title='bbox 1030 2091 1142 2127; x_wconf 86' lang='lat' dir='ltr'><strong>fueris</strong></span> <span class='ocrx_word' id='word_1_340' title='bbox 1173 2091 1352 2135; x_wconf 86' lang='lat' dir='ltr'><strong>affectus;</strong></span> 
     </span>
     <span class='ocr_line' id='line_1_48' title="bbox 359 2148 1346 2201; baseline -0.004 -13"><span class='ocrx_word' id='word_1_341' title='bbox 359 2164 497 2201; x_wconf 84' lang='lat' dir='ltr'><strong>corpus</strong></span> <span class='ocrx_word' id='word_1_342' title='bbox 533 2152 613 2200; x_wconf 87' lang='lat' dir='ltr'><strong>ejus</strong></span> <span class='ocrx_word' id='word_1_343' title='bbox 649 2151 872 2195; x_wconf 83' lang='lat' dir='ltr'><strong>manducas,</strong></span> <span class='ocrx_word' id='word_1_344' title='bbox 915 2159 952 2186; x_wconf 89' lang='lat' dir='ltr'><strong>et</strong></span> <span class='ocrx_word' id='word_1_345' title='bbox 983 2150 1199 2198; x_wconf 81' lang='lat' dir='ltr'><strong>sanguinem</strong></span> <span class='ocrx_word' id='word_1_346' title='bbox 1237 2148 1346 2185; x_wconf 89' lang='lat' dir='ltr'><strong>bibis.</strong></span> 
     </span>
     <span class='ocr_line' id='line_1_49' title="bbox 359 2208 1348 2259; baseline -0.005 -11"><span class='ocrx_word' id='word_1_347' title='bbox 359 2211 545 2258; x_wconf 85' lang='lat' dir='ltr'><strong>Quamdiu</strong></span> <span class='ocrx_word' id='word_1_348' title='bbox 574 2212 610 2247; x_wconf 91' lang='lat' dir='ltr'><strong>in</strong></span> <span class='ocrx_word' id='word_1_349' title='bbox 638 2224 683 2247; x_wconf 89' lang='lat' dir='ltr'><strong>eo</strong></span> <span class='ocrx_word' id='word_1_350' title='bbox 708 2223 834 2246; x_wconf 86' lang='lat' dir='ltr'><strong>manes</strong></span> <span class='ocrx_word' id='word_1_351' title='bbox 856 2222 923 2259; x_wconf 87' lang='lat' dir='ltr'><strong>per</strong></span> <span class='ocrx_word' id='word_1_352' title='bbox 947 2222 1133 2253; x_wconf 87' lang='lat' dir='ltr'><strong>amorem,</strong></span> <span class='ocrx_word' id='word_1_353' title='bbox 1154 2216 1190 2244; x_wconf 91' lang='lat' dir='ltr'><strong>et</strong></span> <span class='ocrx_word' id='word_1_354' title='bbox 1210 2208 1290 2256; x_wconf 83' lang='lat' dir='ltr'><strong>ipse</strong></span> <span class='ocrx_word' id='word_1_355' title='bbox 1312 2208 1348 2243; x_wconf 92' lang='lat' dir='ltr'><strong>in</strong></span> 
     </span>
     <span class='ocr_line' id='line_1_50' title="bbox 362 2267 1351 2319; baseline -0.003 -14"><span class='ocrx_word' id='word_1_356' title='bbox 362 2279 397 2306; x_wconf 87' lang='lat' dir='ltr'><strong>te</strong></span> <span class='ocrx_word' id='word_1_357' title='bbox 428 2284 494 2319; x_wconf 87' lang='lat' dir='ltr'><strong>per</strong></span> <span class='ocrx_word' id='word_1_358' title='bbox 523 2270 728 2306; x_wconf 89' lang='lat' dir='ltr'><strong>sanctitatis</strong></span> <span class='ocrx_word' id='word_1_359' title='bbox 761 2278 798 2304; x_wconf 79' lang='lat' dir='ltr'><strong>et</strong></span> <span class='ocrx_word' id='word_1_360' title='bbox 822 2268 977 2317; x_wconf 86' lang='lat' dir='ltr'><strong>justitiae</strong></span> <span class='ocrx_word' id='word_1_361' title='bbox 1006 2268 1288 2316; x_wconf 81' lang='lat' dir='ltr'><strong>operationem3</strong></span> <span class='ocrx_word' id='word_1_362' title='bbox 1314 2267 1351 2302; x_wconf 90' lang='lat' dir='ltr'><strong>in</strong></span> 
     </span>
     <span class='ocr_line' id='line_1_51' title="bbox 362 2325 1246 2378; baseline -0.003 -15"><span class='ocrx_word' id='word_1_363' title='bbox 362 2328 442 2375; x_wconf 89' lang='lat' dir='ltr'><strong>ejus</strong></span> <span class='ocrx_word' id='word_1_364' title='bbox 465 2342 626 2378; x_wconf 89' lang='lat' dir='ltr'><strong>corpore</strong></span> <span class='ocrx_word' id='word_1_365' title='bbox 645 2337 682 2364; x_wconf 89' lang='lat' dir='ltr'><strong>et</strong></span> <span class='ocrx_word' id='word_1_366' title='bbox 705 2326 882 2363; x_wconf 87' lang='lat' dir='ltr'><strong>membris</strong></span> <span class='ocrx_word' id='word_1_367' title='bbox 902 2326 982 2374; x_wconf 87' lang='lat' dir='ltr'><strong>ejus</strong></span> <span class='ocrx_word' id='word_1_368' title='bbox 1004 2325 1246 2374; x_wconf 87' lang='lat' dir='ltr'><strong>computaris.</strong></span> 
     </span>
    </p>

    <p class='ocr_par' dir='ltr' id='par_1_15' title="bbox 361 2384 1355 2607">
     <span class='ocr_line' id='line_1_52' title="bbox 414 2384 1352 2428; baseline -0.007 -3"><span class='ocrx_word' id='word_1_369' title='bbox 414 2391 476 2426; x_wconf 84' lang='lat'><strong>31.</strong></span> <span class='ocrx_word' id='word_1_370' title='bbox 504 2388 646 2424; x_wconf 87' lang='lat' dir='ltr'><strong>Deinde</strong></span> <span class='ocrx_word' id='word_1_371' title='bbox 669 2387 778 2423; x_wconf 88' lang='lat' dir='ltr'><strong>etiam</strong></span> <span class='ocrx_word' id='word_1_372' title='bbox 799 2386 908 2422; x_wconf 90' lang='lat' dir='ltr'><strong>certis</strong></span> <span class='ocrx_word' id='word_1_373' title='bbox 931 2385 1052 2428; x_wconf 83' lang='lat' dir='ltr'><strong>horis,</strong></span> <span class='ocrx_word' id='word_1_374' title='bbox 1073 2393 1182 2420; x_wconf 86' lang='lat' dir='ltr'><strong>certae</strong></span> <span class='ocrx_word' id='word_1_375' title='bbox 1203 2384 1352 2419; x_wconf 88' lang='lat' dir='ltr'><strong>lectioni</strong></span> 
     </span>
     <span class='ocr_line' id='line_1_53' title="bbox 361 2443 1355 2486; baseline -0.007 -2"><span class='ocrx_word' id='word_1_376' title='bbox 361 2448 570 2484; x_wconf 88' lang='lat' dir='ltr'><strong>vacandum</strong></span> <span class='ocrx_word' id='word_1_377' title='bbox 592 2455 659 2482; x_wconf 90' lang='lat' dir='ltr'><strong>est.</strong></span> <span class='ocrx_word' id='word_1_378' title='bbox 686 2445 851 2483; x_wconf 85' lang='lat' dir='ltr'><strong>Fortuita</strong></span> <span class='ocrx_word' id='word_1_379' title='bbox 870 2445 968 2480; x_wconf 79' lang='lat' dir='ltr'><strong>enim</strong></span> <span class='ocrx_word' id='word_1_380' title='bbox 990 2453 1027 2480; x_wconf 89' lang='lat' dir='ltr'><strong>et</strong></span> <span class='ocrx_word' id='word_1_381' title='bbox 1047 2443 1146 2479; x_wconf 85' lang='lat' dir='ltr'><strong>varia</strong></span> <span class='ocrx_word' id='word_1_382' title='bbox 1168 2443 1296 2486; x_wconf 85' lang='lat' dir='ltr'><strong>lectio,</strong></span> <span class='ocrx_word' id='word_1_383' title='bbox 1319 2450 1355 2478; x_wconf 90' lang='lat' dir='ltr'><strong>et</strong></span> 
     </span>
     <span class='ocr_line' id='line_1_54' title="bbox 361 2501 1355 2555; baseline -0.006 -14"><span class='ocrx_word' id='word_1_384' title='bbox 361 2507 464 2555; x_wconf 80' lang='lat' dir='ltr'><strong>quasi</strong></span> <span class='ocrx_word' id='word_1_385' title='bbox 486 2519 572 2542; x_wconf 89' lang='lat' dir='ltr'><strong>casu</strong></span> <span class='ocrx_word' id='word_1_386' title='bbox 595 2513 756 2554; x_wconf 86' lang='lat' dir='ltr'><strong>reperta,</strong></span> <span class='ocrx_word' id='word_1_387' title='bbox 776 2516 850 2539; x_wconf 89' lang='lat' dir='ltr'><strong>non</strong></span> <span class='ocrx_word' id='word_1_388' title='bbox 872 2502 1044 2547; x_wconf 80' lang='lat' dir='ltr'><strong>aedilicat,</strong></span> <span class='ocrx_word' id='word_1_389' title='bbox 1062 2501 1126 2538; x_wconf 91' lang='lat' dir='ltr'><strong>sed</strong></span> <span class='ocrx_word' id='word_1_390' title='bbox 1144 2501 1265 2537; x_wconf 79' lang='lat' dir='ltr'><strong>reddit</strong></span> <span class='ocrx_word' id='word_1_391' title='bbox 1279 2501 1355 2536; x_wconf 85' lang='lat' dir='ltr'><strong>ani-</strong></span> 
     </span>
     <span class='ocr_line' id='line_1_55' title="bbox 362 2560 1355 2607; baseline -0.008 -5"><span class='ocrx_word' id='word_1_392' title='bbox 362 2579 462 2602; x_wconf 87' lang='lat' dir='ltr'><strong>mum</strong></span> <span class='ocrx_word' id='word_1_393' title='bbox 493 2564 727 2607; x_wconf 78' lang='lat' dir='ltr'><strong>instabilem3</strong></span> <span class='ocrx_word' id='word_1_394' title='bbox 752 2571 788 2598; x_wconf 92' lang='lat' dir='ltr'><strong>et</strong></span> <span class='ocrx_word' id='word_1_395' title='bbox 815 2562 947 2598; x_wconf 81' lang='lat' dir='ltr'><strong>leviter</strong></span> <span class='ocrx_word' id='word_1_396' title='bbox 971 2561 1129 2597; x_wconf 89' lang='lat' dir='ltr'><strong>admissa</strong></span> <span class='ocrx_word' id='word_1_397' title='bbox 1160 2560 1277 2595; x_wconf 76' lang='lat' dir='ltr'><strong>levius</strong></span> <span class='ocrx_word' id='word_1_398' title='bbox 1297 2573 1355 2595; x_wconf 87' lang='lat' dir='ltr'><strong>re-</strong></span> 
     </span>
    </p>
   </div>
   <div class='ocr_carea' id='block_1_15' title="bbox 1411 1148 2408 1199">
    <p class='ocr_par' dir='ltr' id='par_1_16' title="bbox 1411 1148 2408 1199">
     <span class='ocr_line' id='line_1_56' title="bbox 1411 1148 2408 1199; baseline -0.001 -14"><span class='ocrx_word' id='word_1_399' title='bbox 1411 1150 1443 1185; x_wconf 88' lang='lat' dir='ltr'><strong>ei</strong></span> <span class='ocrx_word' id='word_1_400' title='bbox 1469 1149 1506 1185; x_wconf 87' lang='lat' dir='ltr'><strong>in</strong></span> <span class='ocrx_word' id='word_1_401' title='bbox 1538 1149 1729 1195; x_wconf 63' lang='lat' dir='ltr'><strong>bouumc,</strong></span> <span class='ocrx_word' id='word_1_402' title='bbox 1757 1158 1792 1185; x_wconf 87' lang='lat' dir='ltr'><strong>et</strong></span> <span class='ocrx_word' id='word_1_403' title='bbox 1820 1150 1984 1199; x_wconf 85' lang='lat' dir='ltr'><strong>captivat</strong></span> <span class='ocrx_word' id='word_1_404' title='bbox 2015 1161 2146 1185; x_wconf 89' lang='lat' dir='ltr'><strong>sensus</strong></span> <span class='ocrx_word' id='word_1_405' title='bbox 2172 1148 2350 1197; x_wconf 82' lang='lat' dir='ltr'><strong>legentis,</strong></span> <span class='ocrx_word' id='word_1_406' title='bbox 2370 1157 2408 1185; x_wconf 89' lang='lat' dir='ltr'><strong>et</strong></span> 
     </span>
    </p>
   </div>
   <div class='ocr_carea' id='block_1_16' title="bbox 1415 1207 2409 1835">
    <p class='ocr_par' dir='ltr' id='par_1_17' title="bbox 1415 1207 2409 1835">
     <span class='ocr_line' id='line_1_57' title="bbox 1415 1207 2405 1258; baseline -0.002 -13"><span class='ocrx_word' id='word_1_407' title='bbox 1415 1210 1453 1245; x_wconf 91' lang='lat' dir='ltr'><strong>in</strong></span> <span class='ocrx_word' id='word_1_408' title='bbox 1479 1209 1696 1245; x_wconf 87' lang='lat' dir='ltr'><strong>servitutem</strong></span> <span class='ocrx_word' id='word_1_409' title='bbox 1724 1208 1859 1258; x_wconf 84' lang='lat' dir='ltr'><strong>redigit</strong></span> <span class='ocrx_word' id='word_1_410' title='bbox 1885 1221 2036 1244; x_wconf 89' lang='lat' dir='ltr'><strong>omnem</strong></span> <span class='ocrx_word' id='word_1_411' title='bbox 2067 1208 2237 1244; x_wconf 87' lang='lat' dir='ltr'><strong>lectionis</strong></span> <span class='ocrx_word' id='word_1_412' title='bbox 2256 1207 2405 1244; x_wconf 86' lang='lat' dir='ltr'><strong>intelle·—</strong></span> 
     </span>
     <span class='ocr_line' id='line_1_58' title="bbox 1417 1265 2408 1316; baseline -0.003 -13"><span class='ocrx_word' id='word_1_413' title='bbox 1417 1277 1517 1304; x_wconf 90' lang='lat' dir='ltr'><strong>ctum</strong></span> <span class='ocrx_word' id='word_1_414' title='bbox 1541 1268 1577 1303; x_wconf 91' lang='lat' dir='ltr'><strong>in</strong></span> <span class='ocrx_word' id='word_1_415' title='bbox 1604 1267 1825 1316; x_wconf 87' lang='lat' dir='ltr'><strong>obsequium</strong></span> <span class='ocrx_word' id='word_1_416' title='bbox 1847 1267 1993 1304; x_wconf 86' lang='lat' dir='ltr'><strong>Christi.</strong></span> <span class='ocrx_word' id='word_1_417' title='bbox 2015 1267 2052 1303; x_wconf 92' lang='lat' dir='ltr'><strong>Si</strong></span> <span class='ocrx_word' id='word_1_418' title='bbox 2071 1267 2108 1303; x_wconf 88' lang='lat' dir='ltr'><strong>in</strong></span> <span class='ocrx_word' id='word_1_419' title='bbox 2131 1265 2232 1302; x_wconf 88' lang='lat' dir='ltr'><strong>aliud</strong></span> <span class='ocrx_word' id='word_1_420' title='bbox 2247 1265 2408 1301; x_wconf 82' lang='lat' dir='ltr'><strong>declinat</strong></span> 
     </span>
     <span class='ocr_line' id='line_1_59' title="bbox 1418 1325 2406 1375; baseline -0.002 -13"><span class='ocrx_word' id='word_1_421' title='bbox 1418 1340 1548 1363; x_wconf 89' lang='lat' dir='ltr'><strong>sensus</strong></span> <span class='ocrx_word' id='word_1_422' title='bbox 1564 1327 1719 1375; x_wconf 86' lang='lat' dir='ltr'><strong>legentis</strong></span> <span class='ocrx_word' id='word_1_423' title='bbox 1732 1354 1741 1370; x_wconf 92' lang='lat'><strong>,</strong></span> <span class='ocrx_word' id='word_1_424' title='bbox 1761 1327 1887 1362; x_wconf 88' lang='lat' dir='ltr'><strong>omnia</strong></span> <span class='ocrx_word' id='word_1_425' title='bbox 1909 1326 2019 1362; x_wconf 86' lang='lat' dir='ltr'><strong>trahit</strong></span> <span class='ocrx_word' id='word_1_426' title='bbox 2036 1334 2120 1375; x_wconf 91' lang='lat' dir='ltr'><strong>post</strong></span> <span class='ocrx_word' id='word_1_427' title='bbox 2139 1325 2379 1375; x_wconf 89' lang='lat' dir='ltr'><strong>semetipsum</strong></span> <span class='ocrx_word' id='word_1_428' title='bbox 2396 1353 2406 1369; x_wconf 92' lang='lat'><strong>,</strong></span> 
     </span>
     <span class='ocr_line' id='line_1_60' title="bbox 1419 1383 2408 1435; baseline -0.003 -13"><span class='ocrx_word' id='word_1_429' title='bbox 1419 1386 1586 1433; x_wconf 88' lang='lat' dir='ltr'><strong>nihilque</strong></span> <span class='ocrx_word' id='word_1_430' title='bbox 1603 1394 1676 1422; x_wconf 91' lang='lat' dir='ltr'><strong>tam</strong></span> <span class='ocrx_word' id='word_1_431' title='bbox 1693 1394 1876 1430; x_wconf 85' lang='lat' dir='ltr'><strong>sanctum,</strong></span> <span class='ocrx_word' id='word_1_432' title='bbox 1891 1393 1963 1421; x_wconf 90' lang='lat' dir='ltr'><strong>tam</strong></span> <span class='ocrx_word' id='word_1_433' title='bbox 1983 1386 2084 1435; x_wconf 90' lang='lat' dir='ltr'><strong>pium</strong></span> <span class='ocrx_word' id='word_1_434' title='bbox 2102 1385 2245 1421; x_wconf 89' lang='lat' dir='ltr'><strong>invenit</strong></span> <span class='ocrx_word' id='word_1_435' title='bbox 2263 1385 2299 1420; x_wconf 89' lang='lat' dir='ltr'><strong>in</strong></span> <span class='ocrx_word' id='word_1_436' title='bbox 2315 1383 2408 1421; x_wconf 88' lang='lat' dir='ltr'><strong>Scri-</strong></span> 
     </span>
     <span class='ocr_line' id='line_1_61' title="bbox 1418 1445 2408 1494; baseline -0.001 -14"><span class='ocrx_word' id='word_1_437' title='bbox 1418 1445 1557 1493; x_wconf 86' lang='lat' dir='ltr'><strong>pturis,</strong></span> <span class='ocrx_word' id='word_1_438' title='bbox 1582 1445 1683 1493; x_wconf 89' lang='lat' dir='ltr'><strong>quod</strong></span> <span class='ocrx_word' id='word_1_439' title='bbox 1706 1458 1771 1480; x_wconf 91' lang='lat' dir='ltr'><strong>seu</strong></span> <span class='ocrx_word' id='word_1_440' title='bbox 1799 1458 1866 1494; x_wconf 91' lang='lat' dir='ltr'><strong>per</strong></span> <span class='ocrx_word' id='word_1_441' title='bbox 1893 1457 2024 1480; x_wconf 89' lang='lat' dir='ltr'><strong>vanam</strong></span> <span class='ocrx_word' id='word_1_442' title='bbox 2047 1445 2224 1493; x_wconf 84' lang='lat' dir='ltr'><strong>gloriam,</strong></span> <span class='ocrx_word' id='word_1_443' title='bbox 2247 1456 2312 1480; x_wconf 88' lang='lat' dir='ltr'><strong>seu</strong></span> <span class='ocrx_word' id='word_1_444' title='bbox 2338 1455 2408 1492; x_wconf 81' lang='lat' dir='ltr'><strong>per</strong></span> 
     </span>
     <span class='ocr_line' id='line_1_62' title="bbox 1419 1502 2406 1552; baseline -0.002 -14"><span class='ocrx_word' id='word_1_445' title='bbox 1419 1502 1619 1538; x_wconf 88' lang='lat' dir='ltr'><strong>distortum</strong></span> <span class='ocrx_word' id='word_1_446' title='bbox 1641 1516 1810 1548; x_wconf 86' lang='lat' dir='ltr'><strong>sensum,</strong></span> <span class='ocrx_word' id='word_1_447' title='bbox 1833 1515 1895 1539; x_wconf 86' lang='lat' dir='ltr'><strong>seu</strong></span> <span class='ocrx_word' id='word_1_448' title='bbox 1918 1516 1985 1552; x_wconf 89' lang='lat' dir='ltr'><strong>per</strong></span> <span class='ocrx_word' id='word_1_449' title='bbox 2004 1515 2161 1552; x_wconf 67' lang='lat' dir='ltr'><strong>pravum</strong></span> <span class='ocrx_word' id='word_1_450' title='bbox 2177 1502 2406 1538; x_wconf 86' lang='lat' dir='ltr'><strong>intellectum</strong></span> 
     </span>
     <span class='ocr_line' id='line_1_63' title="bbox 1420 1561 2409 1610; baseline -0.001 -14"><span class='ocrx_word' id='word_1_451' title='bbox 1420 1573 1494 1596; x_wconf 88' lang='lat' dir='ltr'><strong>non</strong></span> <span class='ocrx_word' id='word_1_452' title='bbox 1516 1561 1699 1610; x_wconf 86' lang='lat' dir='ltr'><strong>applicet,</strong></span> <span class='ocrx_word' id='word_1_453' title='bbox 1717 1562 1776 1597; x_wconf 89' lang='lat' dir='ltr'><strong>vel</strong></span> <span class='ocrx_word' id='word_1_454' title='bbox 1803 1561 1972 1606; x_wconf 63' lang='lat' dir='ltr'><strong>malitiae,</strong></span> <span class='ocrx_word' id='word_1_455' title='bbox 1994 1562 2052 1597; x_wconf 78' lang='lat' dir='ltr'><strong>vel</strong></span> <span class='ocrx_word' id='word_1_456' title='bbox 2075 1561 2239 1597; x_wconf 90' lang='lat' dir='ltr'><strong>vanitati.</strong></span> <span class='ocrx_word' id='word_1_457' title='bbox 2260 1563 2303 1597; x_wconf 92' lang='lat' dir='ltr'><strong>In</strong></span> <span class='ocrx_word' id='word_1_458' title='bbox 2325 1572 2409 1596; x_wconf 85' lang='lat' dir='ltr'><strong>om-</strong></span> 
     </span>
     <span class='ocr_line' id='line_1_64' title="bbox 1419 1618 2408 1670; baseline -0.001 -14"><span class='ocrx_word' id='word_1_459' title='bbox 1419 1619 1529 1657; x_wconf 90' lang='lat' dir='ltr'><strong>nibus</strong></span> <span class='ocrx_word' id='word_1_460' title='bbox 1559 1621 1657 1657; x_wconf 89' lang='lat' dir='ltr'><strong>enim</strong></span> <span class='ocrx_word' id='word_1_461' title='bbox 1691 1621 1894 1670; x_wconf 88' lang='lat' dir='ltr'><strong>Scripturis</strong></span> <span class='ocrx_word' id='word_1_462' title='bbox 1922 1620 2088 1670; x_wconf 85' lang='lat' dir='ltr'><strong>legendis</strong></span> <span class='ocrx_word' id='word_1_463' title='bbox 2117 1620 2265 1656; x_wconf 88' lang='lat' dir='ltr'><strong>initium</strong></span> <span class='ocrx_word' id='word_1_464' title='bbox 2297 1618 2408 1656; x_wconf 88' lang='lat' dir='ltr'><strong>debet</strong></span> 
     </span>
     <span class='ocr_line' id='line_1_65' title="bbox 1417 1678 2406 1729; baseline -0.001 -13"><span class='ocrx_word' id='word_1_465' title='bbox 1417 1693 1497 1716; x_wconf 89' lang='lat' dir='ltr'><strong>esse</strong></span> <span class='ocrx_word' id='word_1_466' title='bbox 1518 1681 1629 1716; x_wconf 90' lang='lat' dir='ltr'><strong>timor</strong></span> <span class='ocrx_word' id='word_1_467' title='bbox 1645 1681 1810 1724; x_wconf 89' lang='lat' dir='ltr'><strong>Domini,</strong></span> <span class='ocrx_word' id='word_1_468' title='bbox 1831 1690 1872 1717; x_wconf 90' lang='lat' dir='ltr'><strong>ut</strong></span> <span class='ocrx_word' id='word_1_469' title='bbox 1889 1681 1926 1716; x_wconf 92' lang='lat' dir='ltr'><strong>in</strong></span> <span class='ocrx_word' id='word_1_470' title='bbox 1942 1693 1986 1716; x_wconf 93' lang='lat' dir='ltr'><strong>eo</strong></span> <span class='ocrx_word' id='word_1_471' title='bbox 2007 1681 2129 1729; x_wconf 89' lang='lat' dir='ltr'><strong>primo</strong></span> <span class='ocrx_word' id='word_1_472' title='bbox 2145 1679 2328 1716; x_wconf 88' lang='lat' dir='ltr'><strong>solidetur</strong></span> <span class='ocrx_word' id='word_1_473' title='bbox 2345 1678 2406 1715; x_wconf 88' lang='lat' dir='ltr'><strong>in-</strong></span> 
     </span>
     <span class='ocr_line' id='line_1_66' title="bbox 1419 1737 2407 1787; baseline -0.003 -12"><span class='ocrx_word' id='word_1_474' title='bbox 1419 1739 1536 1775; x_wconf 88' lang='lat' dir='ltr'><strong>tentio</strong></span> <span class='ocrx_word' id='word_1_475' title='bbox 1557 1739 1730 1787; x_wconf 80' lang='lat' dir='ltr'><strong>legentis,</strong></span> <span class='ocrx_word' id='word_1_476' title='bbox 1756 1747 1793 1774; x_wconf 89' lang='lat' dir='ltr'><strong>et</strong></span> <span class='ocrx_word' id='word_1_477' title='bbox 1813 1752 1857 1775; x_wconf 89' lang='lat' dir='ltr'><strong>ex</strong></span> <span class='ocrx_word' id='word_1_478' title='bbox 1878 1752 1923 1775; x_wconf 87' lang='lat' dir='ltr'><strong>eo</strong></span> <span class='ocrx_word' id='word_1_479' title='bbox 1944 1747 2119 1787; x_wconf 84' lang='lat' dir='ltr'><strong>exsurgat</strong></span> <span class='ocrx_word' id='word_1_480' title='bbox 2147 1746 2184 1774; x_wconf 91' lang='lat' dir='ltr'><strong>et</strong></span> <span class='ocrx_word' id='word_1_481' title='bbox 2211 1737 2407 1774; x_wconf 87' lang='lat' dir='ltr'><strong>ordinetur</strong></span> 
     </span>
     <span class='ocr_line' id='line_1_67' title="bbox 1419 1798 2160 1835; baseline -0.003 -1"><span class='ocrx_word' id='word_1_482' title='bbox 1419 1799 1530 1834; x_wconf 88' lang='lat' dir='ltr'><strong>totius</strong></span> <span class='ocrx_word' id='word_1_483' title='bbox 1549 1799 1718 1834; x_wconf 85' lang='lat' dir='ltr'><strong>lectionis</strong></span> <span class='ocrx_word' id='word_1_484' title='bbox 1735 1798 1945 1835; x_wconf 85' lang='lat' dir='ltr'><strong>intellectus</strong></span> <span class='ocrx_word' id='word_1_485' title='bbox 1963 1806 2000 1834; x_wconf 87' lang='lat' dir='ltr'><strong>et</strong></span> <span class='ocrx_word' id='word_1_486' title='bbox 2019 1810 2160 1834; x_wconf 85' lang='lat' dir='ltr'><strong>sensus.</strong></span> 
     </span>
    </p>
   </div>
   <div class='ocr_carea' id='block_1_17' title="bbox 1772 1927 2047 1965">
    <p class='ocr_par' dir='ltr' id='par_1_18' title="bbox 1772 1927 2047 1965">
     <span class='ocr_line' id='line_1_68' title="bbox 1772 1927 2047 1965; baseline -0.004 0"><span class='ocrx_word' id='word_1_487' title='bbox 1772 1927 1946 1965; x_wconf 85' lang='lat' dir='ltr'><strong>CAPUT</strong></span> <span class='ocrx_word' id='word_1_488' title='bbox 1976 1927 2047 1964; x_wconf 84' lang='lat' dir='ltr'><strong>XI.</strong></span> 
     </span>
    </p>
   </div>
   <div class='ocr_carea' id='block_1_18' title="bbox 1420 2030 2406 2118">
    <p class='ocr_par' dir='ltr' id='par_1_19' title="bbox 1420 2030 2406 2118">
     <span class='ocr_line' id='line_1_69' title="bbox 1420 2030 2406 2075; baseline -0.004 -10"><span class='ocrx_word' id='word_1_489' title='bbox 1420 2035 1634 2075; x_wconf 85' lang='lat' dir='ltr'><strong>Corporalium</strong></span> <span class='ocrx_word' id='word_1_490' title='bbox 1653 2033 1891 2070; x_wconf 79' lang='lat' dir='ltr'><strong>exercitiorum,</strong></span> <span class='ocrx_word' id='word_1_491' title='bbox 1917 2034 1989 2064; x_wconf 89' lang='lat' dir='ltr'><strong>item</strong></span> <span class='ocrx_word' id='word_1_492' title='bbox 2011 2033 2072 2064; x_wconf 87' lang='lat' dir='ltr'><strong>cibi</strong></span> <span class='ocrx_word' id='word_1_493' title='bbox 2094 2031 2256 2072; x_wconf 84' lang='lat' dir='ltr'><strong>somnique</strong></span> <span class='ocrx_word' id='word_1_494' title='bbox 2280 2030 2406 2062; x_wconf 89' lang='lat' dir='ltr'><strong>modum</strong></span> 
     </span>
     <span class='ocr_line' id='line_1_70' title="bbox 1863 2086 1965 2118; baseline 0 -1"><span class='ocrx_word' id='word_1_495' title='bbox 1863 2086 1965 2118; x_wconf 86' lang='lat' dir='ltr'><strong>tradit.</strong></span> 
     </span>
    </p>
   </div>
   <div class='ocr_carea' id='block_1_19' title="bbox 1420 2203 2411 2607">
    <p class='ocr_par' dir='ltr' id='par_1_20' title="bbox 1420 2203 2411 2607">
     <span class='ocr_line' id='line_1_71' title="bbox 1471 2203 2408 2257; baseline -0.006 -12"><span class='ocrx_word' id='word_1_496' title='bbox 1471 2209 1530 2245; x_wconf 86' lang='lat'><strong>32.</strong></span> <span class='ocrx_word' id='word_1_497' title='bbox 1564 2210 1595 2243; x_wconf 90' lang='lat' dir='ltr'><strong>A</strong></span> <span class='ocrx_word' id='word_1_498' title='bbox 1615 2204 1873 2257; x_wconf 87' lang='lat' dir='ltr'><strong>spiritualibus</strong></span> <span class='ocrx_word' id='word_1_499' title='bbox 1896 2218 1986 2241; x_wconf 88' lang='lat' dir='ltr'><strong>vero</strong></span> <span class='ocrx_word' id='word_1_500' title='bbox 2006 2203 2192 2240; x_wconf 86' lang='lat' dir='ltr'><strong>exercitiis</strong></span> <span class='ocrx_word' id='word_1_501' title='bbox 2212 2203 2250 2240; x_wconf 90' lang='lat' dir='ltr'><strong>in</strong></span> <span class='ocrx_word' id='word_1_502' title='bbox 2270 2214 2408 2253; x_wconf 88' lang='lat' dir='ltr'><strong>corpo-</strong></span> 
     </span>
     <span class='ocr_line' id='line_1_72' title="bbox 1420 2261 2409 2315; baseline -0.007 -11"><span class='ocrx_word' id='word_1_503' title='bbox 1420 2269 1510 2304; x_wconf 88' lang='lat' dir='ltr'><strong>ralia</strong></span> <span class='ocrx_word' id='word_1_504' title='bbox 1533 2279 1725 2315; x_wconf 86' lang='lat' dir='ltr'><strong>nunquam</strong></span> <span class='ocrx_word' id='word_1_505' title='bbox 1747 2265 1876 2313; x_wconf 82' lang='lat' dir='ltr'><strong>longe,</strong></span> <span class='ocrx_word' id='word_1_506' title='bbox 1897 2264 1954 2300; x_wconf 88' lang='lat' dir='ltr'><strong>vel</strong></span> <span class='ocrx_word' id='word_1_507' title='bbox 1977 2265 2014 2300; x_wconf 91' lang='lat' dir='ltr'><strong>in</strong></span> <span class='ocrx_word' id='word_1_508' title='bbox 2039 2272 2159 2299; x_wconf 89' lang='lat' dir='ltr'><strong>totum</strong></span> <span class='ocrx_word' id='word_1_509' title='bbox 2182 2261 2378 2299; x_wconf 81' lang='lat' dir='ltr'><strong>recedatur</strong></span> <span class='ocrx_word' id='word_1_510' title='bbox 2402 2276 2409 2297; x_wconf 90' lang='lat'>:</span> 
     </span>
     <span class='ocr_line' id='line_1_73' title="bbox 1420 2322 2406 2372; baseline -0.007 -9"><span class='ocrx_word' id='word_1_511' title='bbox 1420 2326 1483 2363; x_wconf 88' lang='lat' dir='ltr'><strong>sed</strong></span> <span class='ocrx_word' id='word_1_512' title='bbox 1507 2326 1611 2362; x_wconf 85' lang='lat' dir='ltr'><strong>facile</strong></span> <span class='ocrx_word' id='word_1_513' title='bbox 1633 2324 1678 2361; x_wconf 89' lang='lat' dir='ltr'><strong>ad</strong></span> <span class='ocrx_word' id='word_1_514' title='bbox 1700 2336 1743 2360; x_wconf 86' lang='lat' dir='ltr'><strong>ea</strong></span> <span class='ocrx_word' id='word_1_515' title='bbox 1763 2336 1872 2372; x_wconf 86' lang='lat' dir='ltr'><strong>posse</strong></span> <span class='ocrx_word' id='word_1_516' title='bbox 1892 2322 2015 2359; x_wconf 84' lang='lat' dir='ltr'><strong>redire</strong></span> <span class='ocrx_word' id='word_1_517' title='bbox 2035 2322 2180 2358; x_wconf 86' lang='lat' dir='ltr'><strong>animus</strong></span> <span class='ocrx_word' id='word_1_518' title='bbox 2198 2328 2406 2363; x_wconf 87' lang='lat' dir='ltr'><strong>assuescat,</strong></span> 
     </span>
     <span class='ocr_line' id='line_1_74' title="bbox 1421 2379 2406 2429; baseline -0.005 -9"><span class='ocrx_word' id='word_1_519' title='bbox 1421 2394 1456 2421; x_wconf 84' lang='lat' dir='ltr'><strong>et</strong></span> <span class='ocrx_word' id='word_1_520' title='bbox 1482 2398 1565 2420; x_wconf 87' lang='lat' dir='ltr'><strong>cum</strong></span> <span class='ocrx_word' id='word_1_521' title='bbox 1596 2384 1666 2419; x_wconf 89' lang='lat' dir='ltr'><strong>illis</strong></span> <span class='ocrx_word' id='word_1_522' title='bbox 1693 2395 1732 2419; x_wconf 89' lang='lat' dir='ltr'><strong>se</strong></span> <span class='ocrx_word' id='word_1_523' title='bbox 1757 2390 1922 2426; x_wconf 86' lang='lat' dir='ltr'><strong>mutuat,</strong></span> <span class='ocrx_word' id='word_1_524' title='bbox 1945 2381 2021 2417; x_wconf 85' lang='lat' dir='ltr'><strong>istis</strong></span> <span class='ocrx_word' id='word_1_525' title='bbox 2047 2393 2196 2429; x_wconf 88' lang='lat' dir='ltr'><strong>semper</strong></span> <span class='ocrx_word' id='word_1_526' title='bbox 2217 2379 2406 2416; x_wconf 87' lang='lat' dir='ltr'><strong>inhaereat.</strong></span> 
     </span>
     <span class='ocr_line' id='line_1_75' title="bbox 1421 2439 2411 2491; baseline -0.006 -12"><span class='ocrx_word' id='word_1_527' title='bbox 1421 2443 1522 2480; x_wconf 80' lang='lat' dir='ltr'><strong>Sicut</strong></span> <span class='ocrx_word' id='word_1_528' title='bbox 1550 2443 1648 2478; x_wconf 85' lang='lat' dir='ltr'><strong>enim</strong></span> <span class='ocrx_word' id='word_1_529' title='bbox 1675 2455 1787 2491; x_wconf 87' lang='lat' dir='ltr'><strong>supra</strong></span> <span class='ocrx_word' id='word_1_530' title='bbox 1816 2441 1955 2476; x_wconf 84' lang='lat' dir='ltr'><strong>dictum</strong></span> <span class='ocrx_word' id='word_1_531' title='bbox 1984 2448 2056 2480; x_wconf 78' lang='lat' dir='ltr'><strong>est,</strong></span> <span class='ocrx_word' id='word_1_532' title='bbox 2077 2452 2151 2476; x_wconf 90' lang='lat' dir='ltr'><strong>nou</strong></span> <span class='ocrx_word' id='word_1_533' title='bbox 2176 2439 2234 2475; x_wconf 89' lang='lat' dir='ltr'><strong>vir</strong></span> <span class='ocrx_word' id='word_1_534' title='bbox 2253 2446 2411 2488; x_wconf 91' lang='lat' dir='ltr'><strong>propter</strong></span> 
     </span>
     <span class='ocr_line' id='line_1_76' title="bbox 1422 2497 2410 2548; baseline -0.005 -10"><span class='ocrx_word' id='word_1_535' title='bbox 1422 2501 1632 2545; x_wconf 89' lang='lat' dir='ltr'><strong>mulierem,</strong></span> <span class='ocrx_word' id='word_1_536' title='bbox 1652 2500 1716 2537; x_wconf 88' lang='lat' dir='ltr'><strong>sed</strong></span> <span class='ocrx_word' id='word_1_537' title='bbox 1738 2500 1870 2536; x_wconf 87' lang='lat' dir='ltr'><strong>mulier</strong></span> <span class='ocrx_word' id='word_1_538' title='bbox 1886 2508 2043 2548; x_wconf 84' lang='lat' dir='ltr'><strong>propter</strong></span> <span class='ocrx_word' id='word_1_539' title='bbox 2062 2499 2182 2534; x_wconf 81' lang='lat' dir='ltr'><strong>virum</strong></span> <span class='ocrx_word' id='word_1_540' title='bbox 2197 2498 2209 2522; x_wconf 83' lang='lat'>³</span> <span class='ocrx_word' id='word_1_541' title='bbox 2226 2513 2234 2534; x_wconf 91' lang='lat'>:</span> <span class='ocrx_word' id='word_1_542' title='bbox 2253 2510 2320 2534; x_wconf 89' lang='lat' dir='ltr'><strong>nec</strong></span> <span class='ocrx_word' id='word_1_543' title='bbox 2335 2497 2410 2546; x_wconf 89' lang='lat' dir='ltr'><strong>spi-</strong></span> 
     </span>
     <span class='ocr_line' id='line_1_77' title="bbox 1423 2555 2411 2607; baseline -0.006 -11"><span class='ocrx_word' id='word_1_544' title='bbox 1423 2560 1568 2596; x_wconf 86' lang='lat' dir='ltr'><strong>ritualia</strong></span> <span class='ocrx_word' id='word_1_545' title='bbox 1594 2566 1751 2607; x_wconf 89' lang='lat' dir='ltr'><strong>propter</strong></span> <span class='ocrx_word' id='word_1_546' title='bbox 1775 2558 1959 2598; x_wconf 84' lang='lat' dir='ltr'><strong>carnalia,</strong></span> <span class='ocrx_word' id='word_1_547' title='bbox 1979 2556 2043 2593; x_wconf 88' lang='lat' dir='ltr'><strong>sed</strong></span> <span class='ocrx_word' id='word_1_548' title='bbox 2068 2555 2229 2592; x_wconf 85' lang='lat' dir='ltr'><strong>carnalia</strong></span> <span class='ocrx_word' id='word_1_549' title='bbox 2254 2562 2411 2604; x_wconf 88' lang='lat' dir='ltr'><strong>propter</strong></span> 
     </span>
    </p>
   </div>
   <div class='ocr_carea' id='block_1_20' title="bbox 360 2613 2411 2669">
    <p class='ocr_par' dir='ltr' id='par_1_21' title="bbox 360 2613 2411 2669">
     <span class='ocr_line' id='line_1_78' title="bbox 360 2613 2411 2669; baseline -0.006 -8"><span class='ocrx_word' id='word_1_550' title='bbox 360 2625 458 2661; x_wconf 81' lang='lat' dir='ltr'><strong>cedit</strong></span> <span class='ocrx_word' id='word_1_551' title='bbox 483 2638 502 2659; x_wconf 86' lang='lat' dir='ltr'><strong>a</strong></span> <span class='ocrx_word' id='word_1_552' title='bbox 524 2622 714 2659; x_wconf 88' lang='lat' dir='ltr'><strong>memoria.</strong></span> <span class='ocrx_word' id='word_1_553' title='bbox 741 2621 812 2659; x_wconf 85' lang='lat' dir='ltr'><strong>Sed</strong></span> <span class='ocrx_word' id='word_1_554' title='bbox 832 2621 944 2656; x_wconf 88' lang='lat' dir='ltr'><strong>certis</strong></span> <span class='ocrx_word' id='word_1_555' title='bbox 967 2620 1125 2668; x_wconf 81' lang='lat' dir='ltr'><strong>ingeniis</strong></span> <span class='ocrx_word' id='word_1_556' title='bbox 1144 2619 1350 2654; x_wconf 86' lang='lat' dir='ltr'><strong>immoran-</strong></span> <span class='ocrx_word' id='word_1_557' title='bbox 1368 2626 1399 2658; x_wconf 86' lang='lat' dir='ltr'>D</span> <span class='ocrx_word' id='word_1_558' title='bbox 1417 2619 1637 2669; x_wconf 79' lang='lat' dir='ltr'><strong>spiritualia.</strong></span> <span class='ocrx_word' id='word_1_559' title='bbox 1669 2616 1888 2666; x_wconf 86' lang='lat' dir='ltr'><strong>Corporalia</strong></span> <span class='ocrx_word' id='word_1_560' title='bbox 1918 2629 2007 2652; x_wconf 86' lang='lat' dir='ltr'><strong>vero</strong></span> <span class='ocrx_word' id='word_1_561' title='bbox 2031 2615 2208 2651; x_wconf 80' lang='lat' dir='ltr'><strong>exercitia</strong></span> <span class='ocrx_word' id='word_1_562' title='bbox 2227 2626 2328 2651; x_wconf 92' lang='lat' dir='ltr'><strong>nunc</strong></span> <span class='ocrx_word' id='word_1_563' title='bbox 2349 2613 2411 2650; x_wconf 93' lang='lat' dir='ltr'><strong>di-</strong></span> 
     </span>
    </p>
   </div>
   <div class='ocr_carea' id='block_1_21' title="bbox 361 2677 1355 3200">
    <p class='ocr_par' dir='ltr' id='par_1_22' title="bbox 361 2677 1355 3200">
     <span class='ocr_line' id='line_1_79' title="bbox 361 2677 1353 2727; baseline -0.008 -8"><span class='ocrx_word' id='word_1_564' title='bbox 361 2683 451 2718; x_wconf 88' lang='lat' dir='ltr'><strong>dum</strong></span> <span class='ocrx_word' id='word_1_565' title='bbox 484 2690 565 2727; x_wconf 90' lang='lat' dir='ltr'><strong>est,</strong></span> <span class='ocrx_word' id='word_1_566' title='bbox 591 2689 628 2716; x_wconf 91' lang='lat' dir='ltr'><strong>et</strong></span> <span class='ocrx_word' id='word_1_567' title='bbox 658 2677 959 2715; x_wconf 87' lang='lat' dir='ltr'><strong>assuefaciendus</strong></span> <span class='ocrx_word' id='word_1_568' title='bbox 989 2686 1044 2713; x_wconf 88' lang='lat' dir='ltr'><strong>est</strong></span> <span class='ocrx_word' id='word_1_569' title='bbox 1075 2678 1233 2712; x_wconf 91' lang='lat' dir='ltr'><strong>animus.</strong></span> <span class='ocrx_word' id='word_1_570' title='bbox 1269 2680 1353 2724; x_wconf 89' lang='lat' dir='ltr'><strong>Quo</strong></span> 
     </span>
     <span class='ocr_line' id='line_1_80' title="bbox 361 2735 1353 2790; baseline -0.008 -12"><span class='ocrx_word' id='word_1_571' title='bbox 361 2742 460 2778; x_wconf 89' lang='lat' dir='ltr'><strong>enim</strong></span> <span class='ocrx_word' id='word_1_572' title='bbox 485 2740 619 2790; x_wconf 88' lang='lat' dir='ltr'><strong>spiritu</strong></span> <span class='ocrx_word' id='word_1_573' title='bbox 646 2738 847 2788; x_wconf 87' lang='lat' dir='ltr'><strong>Scripturae</strong></span> <span class='ocrx_word' id='word_1_574' title='bbox 878 2738 982 2773; x_wconf 88' lang='lat' dir='ltr'><strong>sactae</strong></span> <span class='ocrx_word' id='word_1_575' title='bbox 1004 2744 1116 2780; x_wconf 91' lang='lat' dir='ltr'><strong>sunt,</strong></span> <span class='ocrx_word' id='word_1_576' title='bbox 1143 2748 1189 2771; x_wconf 91' lang='lat' dir='ltr'><strong>eo</strong></span> <span class='ocrx_word' id='word_1_577' title='bbox 1218 2735 1353 2784; x_wconf 89' lang='lat' dir='ltr'><strong>spiritu</strong></span> 
     </span>
     <span class='ocr_line' id='line_1_81' title="bbox 362 2794 1350 2849; baseline -0.009 -12"><span class='ocrx_word' id='word_1_578' title='bbox 362 2802 431 2849; x_wconf 89' lang='lat' dir='ltr'><strong>legi</strong></span> <span class='ocrx_word' id='word_1_579' title='bbox 461 2799 677 2836; x_wconf 84' lang='lat' dir='ltr'><strong>desiderant</strong></span> <span class='ocrx_word' id='word_1_580' title='bbox 703 2813 710 2834; x_wconf 92' lang='lat'><strong>:</strong></span> <span class='ocrx_word' id='word_1_581' title='bbox 735 2799 818 2846; x_wconf 93' lang='lat' dir='ltr'><strong>ipso</strong></span> <span class='ocrx_word' id='word_1_582' title='bbox 841 2798 951 2833; x_wconf 89' lang='lat' dir='ltr'><strong>etiam</strong></span> <span class='ocrx_word' id='word_1_583' title='bbox 976 2794 1226 2843; x_wconf 72' lang='lat' dir='ltr'><strong>intelligendae</strong></span> <span class='ocrx_word' id='word_1_584' title='bbox 1252 2802 1350 2830; x_wconf 90' lang='lat' dir='ltr'><strong>sunt.</strong></span> 
     </span>
     <span class='ocr_line' id='line_1_82' title="bbox 363 2853 1353 2907; baseline -0.006 -12"><span class='ocrx_word' id='word_1_585' title='bbox 363 2863 560 2907; x_wconf 71' lang='lat' dir='ltr'><strong>Nunquam</strong></span> <span class='ocrx_word' id='word_1_586' title='bbox 595 2856 814 2906; x_wconf 85' lang='lat' dir='ltr'><strong>ingredieris</strong></span> <span class='ocrx_word' id='word_1_587' title='bbox 838 2857 874 2892; x_wconf 91' lang='lat' dir='ltr'><strong>in</strong></span> <span class='ocrx_word' id='word_1_588' title='bbox 903 2869 1052 2892; x_wconf 87' lang='lat' dir='ltr'><strong>sensum</strong></span> <span class='ocrx_word' id='word_1_589' title='bbox 1081 2855 1205 2898; x_wconf 90' lang='lat' dir='ltr'><strong>Pauli,</strong></span> <span class='ocrx_word' id='word_1_590' title='bbox 1233 2853 1353 2889; x_wconf 88' lang='lat' dir='ltr'><strong>donec</strong></span> 
     </span>
     <span class='ocr_line' id='line_1_83' title="bbox 362 2913 1353 2961; baseline -0.007 -7"><span class='ocrx_word' id='word_1_591' title='bbox 362 2932 429 2954; x_wconf 91' lang='lat' dir='ltr'><strong>usu</strong></span> <span class='ocrx_word' id='word_1_592' title='bbox 454 2918 562 2952; x_wconf 84' lang='lat' dir='ltr'><strong>bonae</strong></span> <span class='ocrx_word' id='word_1_593' title='bbox 583 2915 801 2952; x_wconf 87' lang='lat' dir='ltr'><strong>intentionis</strong></span> <span class='ocrx_word' id='word_1_594' title='bbox 821 2916 856 2950; x_wconf 92' lang='lat' dir='ltr'><strong>in</strong></span> <span class='ocrx_word' id='word_1_595' title='bbox 879 2915 1038 2950; x_wconf 90' lang='lat' dir='ltr'><strong>lectione</strong></span> <span class='ocrx_word' id='word_1_596' title='bbox 1057 2913 1156 2961; x_wconf 89' lang='lat' dir='ltr'><strong>ejus,</strong></span> <span class='ocrx_word' id='word_1_597' title='bbox 1175 2921 1211 2948; x_wconf 91' lang='lat' dir='ltr'><strong>ct</strong></span> <span class='ocrx_word' id='word_1_598' title='bbox 1229 2913 1353 2948; x_wconf 90' lang='lat' dir='ltr'><strong>studio</strong></span> 
     </span>
     <span class='ocr_line' id='line_1_84' title="bbox 361 2971 1351 3023; baseline -0.007 -10"><span class='ocrx_word' id='word_1_599' title='bbox 361 2976 518 3013; x_wconf 82' lang='lat' dir='ltr'><strong>assiduae</strong></span> <span class='ocrx_word' id='word_1_600' title='bbox 550 2974 818 3019; x_wconf 87' lang='lat' dir='ltr'><strong>meditationis,</strong></span> <span class='ocrx_word' id='word_1_601' title='bbox 844 2975 1016 3023; x_wconf 86' lang='lat' dir='ltr'><strong>spiritum</strong></span> <span class='ocrx_word' id='word_1_602' title='bbox 1045 2973 1127 3021; x_wconf 84' lang='lat' dir='ltr'><strong>ejus</strong></span> <span class='ocrx_word' id='word_1_603' title='bbox 1147 2971 1351 3008; x_wconf 87' lang='lat' dir='ltr'><strong>imbiberis.</strong></span> 
     </span>
     <span class='ocr_line' id='line_1_85' title="bbox 362 3033 1353 3083; baseline -0.005 -12"><span class='ocrx_word' id='word_1_604' title='bbox 362 3039 560 3083; x_wconf 68' lang='lat' dir='ltr'><strong>Nunquam</strong></span> <span class='ocrx_word' id='word_1_605' title='bbox 590 3034 772 3081; x_wconf 76' lang='lat' dir='ltr'><strong>intelliges</strong></span> <span class='ocrx_word' id='word_1_606' title='bbox 801 3033 941 3076; x_wconf 84' lang='lat' dir='ltr'><strong>David,</strong></span> <span class='ocrx_word' id='word_1_607' title='bbox 977 3033 1098 3069; x_wconf 89' lang='lat' dir='ltr'><strong>donec</strong></span> <span class='ocrx_word' id='word_1_608' title='bbox 1130 3033 1210 3081; x_wconf 87' lang='lat' dir='ltr'><strong>ipsa</strong></span> <span class='ocrx_word' id='word_1_609' title='bbox 1236 3043 1353 3079; x_wconf 72' lang='lat' dir='ltr'><strong>expe-</strong></span> 
     </span>
     <span class='ocr_line' id='line_1_86' title="bbox 363 3090 1355 3142; baseline -0.005 -12"><span class='ocrx_word' id='word_1_610' title='bbox 363 3095 494 3130; x_wconf 83' lang='lat' dir='ltr'><strong>rientia</strong></span> <span class='ocrx_word' id='word_1_611' title='bbox 522 3095 623 3142; x_wconf 84' lang='lat' dir='ltr'><strong>ipsos</strong></span> <span class='ocrx_word' id='word_1_612' title='bbox 647 3093 877 3128; x_wconf 87' lang='lat' dir='ltr'><strong>Psalmorum</strong></span> <span class='ocrx_word' id='word_1_613' title='bbox 905 3093 1058 3128; x_wconf 81' lang='lat' dir='ltr'><strong>affectus</strong></span> <span class='ocrx_word' id='word_1_614' title='bbox 1079 3090 1256 3127; x_wconf 88' lang='lat' dir='ltr'><strong>indueris.</strong></span> <span class='ocrx_word' id='word_1_615' title='bbox 1277 3090 1355 3126; x_wconf 86' lang='lat' dir='ltr'><strong>Sic-</strong></span> 
     </span>
     <span class='ocr_line' id='line_1_87' title="bbox 362 3150 1352 3200; baseline -0.006 -10"><span class='ocrx_word' id='word_1_616' title='bbox 362 3166 435 3200; x_wconf 89' lang='lat' dir='ltr'><strong>que</strong></span> <span class='ocrx_word' id='word_1_617' title='bbox 465 3153 510 3189; x_wconf 86' lang='lat' dir='ltr'><strong>de</strong></span> <span class='ocrx_word' id='word_1_618' title='bbox 538 3152 701 3200; x_wconf 83' lang='lat' dir='ltr'><strong>reliquis.</strong></span> <span class='ocrx_word' id='word_1_619' title='bbox 725 3154 766 3187; x_wconf 73' lang='lat' dir='ltr'><strong>Et</strong></span> <span class='ocrx_word' id='word_1_620' title='bbox 796 3152 831 3186; x_wconf 89' lang='lat' dir='ltr'><strong>in</strong></span> <span class='ocrx_word' id='word_1_621' title='bbox 862 3152 965 3187; x_wconf 90' lang='lat' dir='ltr'><strong>omni</strong></span> <span class='ocrx_word' id='word_1_622' title='bbox 995 3150 1180 3199; x_wconf 87' lang='lat' dir='ltr'><strong>scriptura</strong></span> <span class='ocrx_word' id='word_1_623' title='bbox 1210 3157 1352 3185; x_wconf 87' lang='lat' dir='ltr'><strong>tantum</strong></span> 
     </span>
    </p>
   </div>
   <div class='ocr_carea' id='block_1_22' title="bbox 415 3274 1357 3312">
    <p class='ocr_par' dir='ltr' id='par_1_23' title="bbox 415 3274 1357 3312">
     <span class='ocr_line' id='line_1_88' title="bbox 415 3274 1357 3312; baseline -0.004 -5"><span class='ocrx_word' id='word_1_624' title='bbox 415 3284 421 3298; x_wconf 86' lang='lat'><strong><em>¹</em></strong></span> <span class='ocrx_word' id='word_1_625' title='bbox 445 3281 514 3308; x_wconf 79' lang='lat' dir='ltr'><strong>Luc.</strong></span> <span class='ocrx_word' id='word_1_626' title='bbox 534 3288 618 3312; x_wconf 76' lang='lat' dir='ltr'><strong>xxii,</strong></span> <span class='ocrx_word' id='word_1_627' title='bbox 646 3280 694 3307; x_wconf 72' lang='lat'><strong>19.</strong></span> <span class='ocrx_word' id='word_1_628' title='bbox 710 3294 750 3298; x_wconf 87' lang='lat'><strong>——</strong></span> <span class='ocrx_word' id='word_1_629' title='bbox 773 3281 783 3295; x_wconf 89' lang='lat'>²</span> <span class='ocrx_word' id='word_1_630' title='bbox 802 3279 813 3306; x_wconf 91' lang='lat' dir='ltr'>l</span> <span class='ocrx_word' id='word_1_631' title='bbox 830 3279 911 3306; x_wconf 76' lang='lat' dir='ltr'><strong>Petr.</strong></span> <span class='ocrx_word' id='word_1_632' title='bbox 931 3287 952 3304; x_wconf 87' lang='grc' dir='ltr'><strong>ιι</strong></span> <span class='ocrx_word' id='word_1_633' title='bbox 968 3299 975 3309; x_wconf 68' lang='grc'>,</span> <span class='ocrx_word' id='word_1_634' title='bbox 999 3279 1030 3305; x_wconf 78' lang='grc'><strong>9.</strong></span> <span class='ocrx_word' id='word_1_635' title='bbox 1067 3294 1084 3296; x_wconf 32' lang='grc' dir='ltr'><strong>-ν</strong></span> <span class='ocrx_word' id='word_1_636' title='bbox 1106 3274 1118 3296; x_wconf 77' lang='lat'>³</span> <span class='ocrx_word' id='word_1_637' title='bbox 1135 3278 1144 3305; x_wconf 90' lang='lat'>1</span> <span class='ocrx_word' id='word_1_638' title='bbox 1161 3277 1232 3307; x_wconf 88' lang='lat' dir='ltr'><strong>Cor.</strong></span> <span class='ocrx_word' id='word_1_639' title='bbox 1254 3286 1285 3303; x_wconf 77' lang='lat' dir='ltr'><strong>xl</strong></span> <span class='ocrx_word' id='word_1_640' title='bbox 1300 3298 1307 3311; x_wconf 94' lang='lat'><strong>,</strong></span> <span class='ocrx_word' id='word_1_641' title='bbox 1327 3278 1357 3303; x_wconf 79' lang='lat'><strong>9.</strong></span> 
     </span>
    </p>
   </div>
   <div class='ocr_carea' id='block_1_23' title="bbox 412 3334 817 3369">
    <p class='ocr_par' dir='ltr' id='par_1_24' title="bbox 412 3334 817 3369">
     <span class='ocr_line' id='line_1_89' title="bbox 412 3334 817 3369; baseline -0.01 -1"><span class='ocrx_word' id='word_1_642' title='bbox 412 3346 422 3356; x_wconf 72' lang='lat'><strong>*¹</strong></span> <span class='ocrx_word' id='word_1_643' title='bbox 443 3338 524 3367; x_wconf 59' lang='lat' dir='ltr'><strong>Alia&lt;</strong></span> <span class='ocrx_word' id='word_1_644' title='bbox 541 3361 546 3369; x_wconf 86' lang='grc'>,</span> <span class='ocrx_word' id='word_1_645' title='bbox 565 3336 774 3364; x_wconf 61' lang='lat' dir='ltr'><strong>nauium-inm.</strong></span> <span class='ocrx_word' id='word_1_646' title='bbox 794 3334 817 3348; x_wconf 59' lang='lat'><strong>&#39;³&#39;</strong></span> 
     </span>
    </p>
   </div>
   <div class='ocr_carea' id='block_1_24' title="bbox 1418 2673 2409 3195">
    <p class='ocr_par' dir='ltr' id='par_1_25' title="bbox 1418 2673 2409 3195">
     <span class='ocr_line' id='line_1_90' title="bbox 1419 2673 2407 2726; baseline -0.006 -11"><span class='ocrx_word' id='word_1_647' title='bbox 1419 2680 1557 2722; x_wconf 81' lang='lat' dir='ltr'><strong>cimus,</strong></span> <span class='ocrx_word' id='word_1_648' title='bbox 1578 2689 1661 2726; x_wconf 87' lang='lat' dir='ltr'><strong>quae</strong></span> <span class='ocrx_word' id='word_1_649' title='bbox 1691 2675 1851 2712; x_wconf 89' lang='lat' dir='ltr'><strong>manuali</strong></span> <span class='ocrx_word' id='word_1_650' title='bbox 1883 2687 1997 2724; x_wconf 89' lang='lat' dir='ltr'><strong>opere</strong></span> <span class='ocrx_word' id='word_1_651' title='bbox 2021 2673 2271 2723; x_wconf 87' lang='lat' dir='ltr'><strong>corporaliter</strong></span> <span class='ocrx_word' id='word_1_652' title='bbox 2294 2684 2407 2710; x_wconf 87' lang='lat' dir='ltr'><strong>exer·</strong></span> 
     </span>
     <span class='ocr_line' id='line_1_91' title="bbox 1419 2731 2408 2782; baseline -0.006 -8"><span class='ocrx_word' id='word_1_653' title='bbox 1419 2746 1561 2775; x_wconf 86' lang='lat' dir='ltr'><strong>centur.</strong></span> <span class='ocrx_word' id='word_1_654' title='bbox 1590 2739 1680 2772; x_wconf 71' lang='lat' dir='ltr'><strong>Nam</strong></span> <span class='ocrx_word' id='word_1_655' title='bbox 1705 2743 1792 2771; x_wconf 86' lang='lat' dir='ltr'><strong>sunt</strong></span> <span class='ocrx_word' id='word_1_656' title='bbox 1811 2743 1848 2770; x_wconf 90' lang='lat' dir='ltr'><strong>et</strong></span> <span class='ocrx_word' id='word_1_657' title='bbox 1871 2734 1942 2770; x_wconf 91' lang='lat' dir='ltr'><strong>alia</strong></span> <span class='ocrx_word' id='word_1_658' title='bbox 1961 2733 2131 2782; x_wconf 88' lang='lat' dir='ltr'><strong>corporis</strong></span> <span class='ocrx_word' id='word_1_659' title='bbox 2152 2731 2347 2776; x_wconf 86' lang='lat' dir='ltr'><strong>exercitia,</strong></span> <span class='ocrx_word' id='word_1_660' title='bbox 2367 2731 2408 2768; x_wconf 88' lang='lat' dir='ltr'><strong>in</strong></span> 
     </span>
     <span class='ocr_line' id='line_1_92' title="bbox 1418 2790 2409 2843; baseline -0.004 -14"><span class='ocrx_word' id='word_1_661' title='bbox 1418 2794 1554 2843; x_wconf 85' lang='lat' dir='ltr'><strong>quibus</strong></span> <span class='ocrx_word' id='word_1_662' title='bbox 1575 2804 1724 2828; x_wconf 89' lang='lat' dir='ltr'><strong>necesse</strong></span> <span class='ocrx_word' id='word_1_663' title='bbox 1749 2800 1804 2828; x_wconf 89' lang='lat' dir='ltr'><strong>est</strong></span> <span class='ocrx_word' id='word_1_664' title='bbox 1826 2803 1964 2840; x_wconf 87' lang='lat' dir='ltr'><strong>corpus</strong></span> <span class='ocrx_word' id='word_1_665' title='bbox 1987 2790 2179 2835; x_wconf 86' lang='lat' dir='ltr'><strong>laborare,</strong></span> <span class='ocrx_word' id='word_1_666' title='bbox 2202 2790 2297 2827; x_wconf 87' lang='lat' dir='ltr'><strong>sicut</strong></span> <span class='ocrx_word' id='word_1_667' title='bbox 2321 2797 2409 2826; x_wconf 86' lang='lat' dir='ltr'><strong>sunt</strong></span> 
     </span>
     <span class='ocr_line' id='line_1_93' title="bbox 1419 2848 2407 2901; baseline -0.004 -13"><span class='ocrx_word' id='word_1_668' title='bbox 1419 2853 1551 2901; x_wconf 71' lang='lat' dir='ltr'><strong>vigiliae</strong></span> <span class='ocrx_word' id='word_1_669' title='bbox 1572 2851 1733 2900; x_wconf 69' lang='lat' dir='ltr'><strong>jejunia,</strong></span> <span class='ocrx_word' id='word_1_670' title='bbox 1754 2858 1791 2887; x_wconf 87' lang='lat' dir='ltr'><strong>et</strong></span> <span class='ocrx_word' id='word_1_671' title='bbox 1812 2850 1882 2886; x_wconf 87' lang='lat' dir='ltr'><strong>alia</strong></span> <span class='ocrx_word' id='word_1_672' title='bbox 1910 2849 2126 2897; x_wconf 86' lang='lat' dir='ltr'><strong>hujusmodi</strong></span> <span class='ocrx_word' id='word_1_673' title='bbox 2151 2864 2159 2885; x_wconf 92' lang='lat'>:</span> <span class='ocrx_word' id='word_1_674' title='bbox 2186 2861 2269 2897; x_wconf 84' lang='lat' dir='ltr'><strong>quae</strong></span> <span class='ocrx_word' id='word_1_675' title='bbox 2296 2848 2407 2897; x_wconf 91' lang='lat' dir='ltr'><strong>spiri-</strong></span> 
     </span>
     <span class='ocr_line' id='line_1_94' title="bbox 1421 2907 2406 2958; baseline -0.005 -11"><span class='ocrx_word' id='word_1_676' title='bbox 1421 2912 1534 2947; x_wconf 89' lang='lat' dir='ltr'><strong>tualia</strong></span> <span class='ocrx_word' id='word_1_677' title='bbox 1559 2923 1635 2946; x_wconf 86' lang='lat' dir='ltr'><strong>non</strong></span> <span class='ocrx_word' id='word_1_678' title='bbox 1665 2909 1894 2958; x_wconf 87' lang='lat' dir='ltr'><strong>impediunt,</strong></span> <span class='ocrx_word' id='word_1_679' title='bbox 1922 2909 1986 2945; x_wconf 88' lang='lat' dir='ltr'><strong>sed</strong></span> <span class='ocrx_word' id='word_1_680' title='bbox 2006 2907 2159 2956; x_wconf 90' lang='lat' dir='ltr'><strong>juvant,</strong></span> <span class='ocrx_word' id='word_1_681' title='bbox 2183 2907 2213 2944; x_wconf 89' lang='lat' dir='ltr'><strong>si</strong></span> <span class='ocrx_word' id='word_1_682' title='bbox 2236 2919 2320 2943; x_wconf 90' lang='lat' dir='ltr'><strong>cum</strong></span> <span class='ocrx_word' id='word_1_683' title='bbox 2345 2919 2406 2943; x_wconf 84' lang='lat' dir='ltr'><strong>ra-</strong></span> 
     </span>
     <span class='ocr_line' id='line_1_95' title="bbox 1421 2965 2407 3015; baseline -0.005 -9"><span class='ocrx_word' id='word_1_684' title='bbox 1421 2971 1521 3006; x_wconf 87' lang='lat' dir='ltr'><strong>tione</strong></span> <span class='ocrx_word' id='word_1_685' title='bbox 1537 2969 1771 3005; x_wconf 86' lang='lat' dir='ltr'><strong>discretionis</strong></span> <span class='ocrx_word' id='word_1_686' title='bbox 1792 2969 1893 3004; x_wconf 84' lang='lat' dir='ltr'><strong>liant.</strong></span> <span class='ocrx_word' id='word_1_687' title='bbox 1914 2971 2005 3015; x_wconf 78' lang='lat' dir='ltr'><strong>Quae</strong></span> <span class='ocrx_word' id='word_1_688' title='bbox 2022 2968 2050 3004; x_wconf 94' lang='lat' dir='ltr'><strong>si</strong></span> <span class='ocrx_word' id='word_1_689' title='bbox 2069 2980 2114 3003; x_wconf 92' lang='lat' dir='ltr'><strong>ex</strong></span> <span class='ocrx_word' id='word_1_690' title='bbox 2130 2965 2407 3003; x_wconf 85' lang='lat' dir='ltr'><strong>indiscretionis</strong></span> 
     </span>
     <span class='ocr_line' id='line_1_96' title="bbox 1419 3025 2404 3077; baseline -0.006 -11"><span class='ocrx_word' id='word_1_691' title='bbox 1419 3030 1511 3066; x_wconf 87' lang='lat' dir='ltr'><strong>vitio</strong></span> <span class='ocrx_word' id='word_1_692' title='bbox 1538 3029 1589 3065; x_wconf 86' lang='lat' dir='ltr'><strong>sic</strong></span> <span class='ocrx_word' id='word_1_693' title='bbox 1611 3037 1768 3077; x_wconf 81' lang='lat' dir='ltr'><strong>agantur</strong></span> <span class='ocrx_word' id='word_1_694' title='bbox 1783 3056 1792 3071; x_wconf 93' lang='lat'><strong>,</strong></span> <span class='ocrx_word' id='word_1_695' title='bbox 1817 3037 1858 3064; x_wconf 88' lang='lat' dir='ltr'><strong>ut</strong></span> <span class='ocrx_word' id='word_1_696' title='bbox 1878 3028 1935 3064; x_wconf 82' lang='lat' dir='ltr'><strong>vel</strong></span> <span class='ocrx_word' id='word_1_697' title='bbox 1957 3027 2152 3063; x_wconf 81' lang='lat' dir='ltr'><strong>deficiente</strong></span> <span class='ocrx_word' id='word_1_698' title='bbox 2172 3026 2327 3076; x_wconf 89' lang='lat' dir='ltr'><strong>spiritu,</strong></span> <span class='ocrx_word' id='word_1_699' title='bbox 2347 3025 2404 3061; x_wconf 89' lang='lat' dir='ltr'><strong>vel</strong></span> 
     </span>
     <span class='ocr_line' id='line_1_97' title="bbox 1420 3083 2408 3138; baseline -0.006 -13"><span class='ocrx_word' id='word_1_700' title='bbox 1420 3090 1619 3138; x_wconf 80' lang='lat' dir='ltr'><strong>languente</strong></span> <span class='ocrx_word' id='word_1_701' title='bbox 1645 3099 1804 3135; x_wconf 88' lang='lat' dir='ltr'><strong>corpore</strong></span> <span class='ocrx_word' id='word_1_702' title='bbox 1827 3086 2032 3134; x_wconf 87' lang='lat' dir='ltr'><strong>spiritualia</strong></span> <span class='ocrx_word' id='word_1_703' title='bbox 2055 3084 2324 3134; x_wconf 84' lang='lat' dir='ltr'><strong>impediantur3</strong></span> <span class='ocrx_word' id='word_1_704' title='bbox 2345 3083 2408 3132; x_wconf 89' lang='lat' dir='ltr'><strong>qui</strong></span> 
     </span>
     <span class='ocr_line' id='line_1_98' title="bbox 1422 3143 2405 3195; baseline -0.004 -12"><span class='ocrx_word' id='word_1_705' title='bbox 1422 3148 1473 3183; x_wconf 86' lang='lat' dir='ltr'><strong>sic</strong></span> <span class='ocrx_word' id='word_1_706' title='bbox 1492 3156 1564 3191; x_wconf 91' lang='lat' dir='ltr'><strong>est,</strong></span> <span class='ocrx_word' id='word_1_707' title='bbox 1586 3145 1735 3195; x_wconf 86' lang='lat' dir='ltr'><strong>corpori</strong></span> <span class='ocrx_word' id='word_1_708' title='bbox 1757 3157 1823 3180; x_wconf 87' lang='lat' dir='ltr'><strong>suo</strong></span> <span class='ocrx_word' id='word_1_709' title='bbox 1851 3144 1932 3180; x_wconf 92' lang='lat' dir='ltr'><strong>tulit</strong></span> <span class='ocrx_word' id='word_1_710' title='bbox 1955 3143 2043 3180; x_wconf 83' lang='lat' dir='ltr'><strong>boni</strong></span> <span class='ocrx_word' id='word_1_711' title='bbox 2063 3143 2189 3192; x_wconf 88' lang='lat' dir='ltr'><strong>operis</strong></span> <span class='ocrx_word' id='word_1_712' title='bbox 2213 3143 2405 3185; x_wconf 71' lang='lat' dir='ltr'><strong>effectum,</strong></span> 
     </span>
    </p>
   </div>
   <div class='ocr_carea' id='block_1_25' title="bbox 870 3327 1947 3375">
    <p class='ocr_par' dir='ltr' id='par_1_26' title="bbox 870 3327 1991 3375">
     <span class='ocr_line' id='line_1_99' title="bbox 870 3327 1947 3375; baseline -0.007 -12"><span class='ocrx_word' id='word_1_713' title='bbox 870 3354 875 3355; x_wconf 37' lang='grc' dir='ltr'><em>ν</em></span> <span class='ocrx_word' id='word_1_714' title='bbox 901 3328 915 3348; x_wconf 77' lang='lat' dir='ltr'><strong>l·</strong></span> <span class='ocrx_word' id='word_1_715' title='bbox 934 3334 1017 3365; x_wconf 67' lang='lat' dir='ltr'><strong>Alias</strong></span> <span class='ocrx_word' id='word_1_716' title='bbox 1032 3334 1165 3366; x_wconf 71' lang='lat' dir='ltr'><strong>additur„</strong></span> <span class='ocrx_word' id='word_1_717' title='bbox 1186 3339 1452 3375; x_wconf 69' lang='lat' dir='ltr'><strong>(rnwrarvpolecr.</strong></span> <span class='ocrx_word' id='word_1_718' title='bbox 1512 3351 1533 3353; x_wconf 97' lang='lat'><strong>—</strong></span> <span class='ocrx_word' id='word_1_719' title='bbox 1571 3337 1582 3349; x_wconf 64' lang='grc' dir='ltr'><strong>Γ</strong></span> <span class='ocrx_word' id='word_1_720' title='bbox 1599 3330 1679 3360; x_wconf 67' lang='lat' dir='ltr'><strong>Alias</strong></span> <span class='ocrx_word' id='word_1_721' title='bbox 1694 3353 1700 3364; x_wconf 76' lang='lat'><strong>,</strong></span> <span class='ocrx_word' id='word_1_722' title='bbox 1720 3329 1750 3357; x_wconf 76' lang='grc' dir='ltr'><strong>ίη</strong></span> <span class='ocrx_word' id='word_1_723' title='bbox 1770 3327 1825 3357; x_wconf 80' lang='lat' dir='ltr'><strong>lmc</strong></span> <span class='ocrx_word' id='word_1_724' title='bbox 1841 3329 1947 3370; x_wconf 69' lang='lat' dir='ltr'><strong>[ptum.</strong></span> 
     </span>
    </p>
   </div>
  </div>
 </body>
</html>
