2418 3949
129 240 203 276 869

127 325 225 352 stum
250 314 361 352 habet
392 316 448 353 lac
470 316 699 366 virgineum,
718 324 866 366 tegmen
891 330 1037 366 pannos
1056 316 1114 352 vi-

877 242 941 276 DE
970 241 1201 277 PASSIONE
1231 241 1419 276 DOMINI.

1122 315 1170 334 ⁴29

2098 244 2174 281 870

1182 323 1332 352 cturum
1351 329 1587 366 nequaquam
1612 317 1827 355 credebant.
1850 321 1896 355 Et
1912 318 2067 356 fortasse
2082 333 2176 370 pro-

126 376 194 412 les.
212 378 255 412 In
272 375 348 412 vita
366 388 458 412 vero
478 376 506 411 si
528 384 786 425 tegumentum
807 375 958 422 habuit,
980 376 1116 426 saepius
1130 383 1162 416 A
1181 384 1310 425 pterea
1342 376 1473 426 (quod
1504 385 1628 413 tamen
1656 391 1733 414 non
1763 379 1963 415 asserendo
1989 379 2073 416 dico
2087 409 2096 425 ‚
2128 394 2175 418 ne

127 435 165 471 in
196 434 420 472 victualibus
447 435 598 472 defecit.
624 439 667 472 In
696 444 817 472 morte
837 444 874 472 et
892 435 1034 472 nudum
1056 436 1116 471 in-

118 495 254 530 *venies
266 523 275 540 ,
293 502 330 530 et
348 495 532 531 sitientem
551 509 558 530 :
577 494 647 531 nisi
666 494 761 530 forte
776 493 823 530 ad
839 494 917 530 sitis
931 494 1048 543 ipsius
1063 506 1119 529 re-

128 554 295 590 medium
315 554 408 591 velis
427 553 605 591 adhibere
625 562 772 590 acetum
795 553 950 602 myrrha
973 562 1011 590 et
1036 553 1119 589 selle

127 613 285 649 mixtum
300 619 322 650 ¹.

183 673 218 709 4.
241 676 438 710 Postremo
467 680 590 709 autem
621 672 742 708 cultro
770 672 915 708 timoris
939 670 1122 720 amputati

128 732 281 768 suntab
310 732 392 782 ipso
411 744 543 768 omnes
562 732 669 768 amici
695 739 732 767 et
760 731 942 780 proximi,
974 738 1016 767 ut
1041 743 1120 766 non

129 799 225 828 esset
247 791 312 840 qui
339 790 599 827 consolaretur
615 803 702 826 eum
729 803 777 827 ex
800 789 978 827 omnibus
1001 789 1120 826 charis

128 849 221 898 ejus.
242 849 422 886 Torcular
441 849 540 885 enim
562 849 717 885 calcavit
735 850 835 886 solus
849 879 859 897 ,
879 858 916 887 et
934 849 980 886 de
997 847 1121 898 genti-

126 907 198 945 bus
226 921 302 945 non
326 917 408 945 erat
429 909 486 945 vir
507 921 593 945 cum
620 921 665 945 eo
683 915 696 930 ²
720 923 727 944 :
751 918 788 945 et
813 923 898 946 cum
921 908 1123 946 sustineret

127 981 194 1005 cor
207 967 290 1017 ejus
307 968 583 1018 improperium
602 976 639 1004 et
659 968 845 1005 miseriam
860 997 869 1013 ‚
891 967 1124 1018 exspectavit

126 1028 193 1077 qui
221 1028 331 1064 simul
361 1028 668 1073 contristaretur,
697 1036 734 1064 et
762 1041 840 1064 non
874 1029 962 1074 fuit3
995 1036 1032 1064 et
1057 1026 1124 1076 qui

128 1087 410 1134 consolaretur,
440 1088 553 1124 etiam
578 1100 657 1124 non
689 1088 834 1124 invenit
850 1085 877 1124 ³.
903 1087 997 1125 Vide
1022 1099 1124 1123 nunc
1143 1092 1171 1126 B

127 1155 310 1196 quantum
335 1147 491 1196 praecisa
512 1146 625 1183 fuerit
644 1146 730 1182 vitis
753 1154 894 1183 nostra.
918 1149 1010 1194 Quae
1036 1145 1123 1182 vitis

127 1219 295 1256 unquam
315 1214 458 1243 tantum
475 1206 632 1256 praecisa
651 1205 747 1242 fuit?
766 1205 839 1244 Sed
859 1219 942 1254 quae
961 1214 1017 1242 est
1034 1218 1124 1242 con-

127 1266 262 1302 solatio
278 1265 388 1315 hujus
407 1266 664 1316 praecisionis?
684 1266 826 1302 Multus
846 1265 1002 1302 fructus.
1026 1265 1126 1302 Mul-

129 1333 204 1362 tam
225 1325 324 1361 enim
347 1334 384 1362 et
406 1324 741 1374 incomparabilem
762 1325 1020 1374 praecisionem
1042 1337 1126 1362 sus-

128 1384 253 1420 tinuit.
284 1383 444 1421 Videtur
468 1393 593 1421 tamen
627 1385 821 1434 signanter
847 1383 988 1421 dictum
1026 1397 1123 1430 esse,

128 1445 181 1479 Et
206 1445 252 1478 de
276 1443 447 1493 gentibus
475 1458 549 1480 non
579 1453 631 1479 est
658 1448 718 1479 vir
748 1457 888 1479 mecum
911 1457 922 1478 :
947 1451 1124 1492 tanquam

127 1502 419 1553 intelligendum
445 1504 493 1539 sit
521 1503 619 1540 solas
645 1502 818 1539 mulieres
839 1515 931 1539 *cum
962 1503 1028 1539 illo
1060 1517 1121 1540 re·

130 1563 325 1600 mansisse.
345 1563 444 1600 Viris
471 1563 571 1599 enim
598 1563 764 1599 fortioris
786 1570 928 1598 naturae
951 1563 1125 1612 fugienti-

129 1621 201 1659 bus
217 1635 293 1672 prae
309 1623 443 1659 timore
456 1652 465 1668 ,
485 1635 562 1659 non
583 1623 674 1670 fugit
692 1621 887 1658 muliebris
908 1623 1124 1667 infirmitas,

131 1694 216 1731 quae
236 1682 347 1718 etiam
367 1681 598 1730 bajulantem
620 1681 691 1718 sibi
711 1694 860 1718 crucem
873 1710 883 1727 ‚
907 1682 999 1718 etin
1019 1695 1127 1718 cruce

131 1741 355 1777 morientem
385 1754 463 1778 non
494 1741 778 1790 dereliquerunt
792 1741 820 1786 4,
852 1741 947 1777 sicut
972 1741 1010 1776 in
1036 1754 1126 1790 per-

130 1812 223 1837 sona
239 1801 375 1838 Christi
394 1801 660 1850 conquerentis
685 1799 853 1849 loquitur
871 1798 1004 1836 beatus
1022 1799 1096 1836 Job
1115 1813 1122 1835 t

1181 447 1298 471 novas
1309 435 1440 471 videar
1456 437 1679 473 assertiones
1693 437 1934 474 introducere
1949 437 1959 487 J
1977 438 2037 475 illa
2056 443 2177 477 Mater

1182 507 1266 542 quae
1294 495 1379 543 plus
1404 494 1534 531 habuit
1554 496 1723 544 pietatis,
1747 510 1830 532 cum
1857 498 1937 534 aliis
1965 498 2010 534 ad
2033 513 2178 549 ungen-

1185 551 1275 588 dum
1304 566 1381 589 non
1401 554 1508 590 venit
1535 567 1671 603 corpus
1693 555 1828 592 Christi
1862 557 2070 605 sepultum,
2092 559 2181 607 quia

1187 613 1322 649 frustra
1335 613 1492 663 putabat
1505 627 1590 650 eum
1613 615 1725 663 ungi,
1747 628 1858 664 quem
1880 626 2180 655 resurrecturum

1186 671 1337 709 sciebat.
1355 676 1451 709 Vere
1475 674 1581 710 fortis
1600 673 1678 709 haec
1705 675 1841 711 mulier
1854 703 1863 719 ,
1886 684 1922 711 et
1945 689 2022 725 prae
2039 678 2181 714 cunctis

1185 740 1272 781 post
1294 732 1412 768 filium
1431 732 1668 769 honoranda.
1690 736 1786 770 Vere
1806 742 1843 769 et
1864 735 1991 784 virago
2016 736 2089 773 dici
2108 750 2182 786 po-

1186 799 1276 837 test,
1305 805 1388 840 quae
1423 804 1445 828 a
1482 792 1566 829 viro
1607 792 1754 829 Christo
1790 806 1859 842 per
1894 795 2032 832 amoris
2052 795 2070 818 Β
2100 797 2181 833 for-

1186 850 1385 887 titudinem
1414 859 1585 900 separata
1612 864 1690 888 non
1724 860 1800 897 est;
1826 853 1892 889 sed
1924 866 2035 901 eum,
2070 868 2183 904 quem

1187 909 1413 946 morientem
1431 918 1469 947 et
1494 918 1685 947 mortuum
1705 910 1824 957 vidit,
1844 912 2005 950 credidit
2023 914 2184 951 immor-

1189 968 1341 1005 talitatis
1367 968 1490 1018 gloria
1510 967 1769 1005 sublimatum.

1545 1085 1721 1124 CAPUT
1750 1085 1829 1124 ΙΙΙ.

1213 1210 1261 1239 De
1277 1206 1531 1238 circumfossione
1546 1205 1615 1237 vitis
1637 1205 1669 1237 id
1688 1211 1756 1244 est,
1782 1206 1821 1237 de
1843 1205 1964 1238 insidiis
1982 1209 2001 1239 J
2005 1207 2163 1239 udaeoruui

1507 1266 1538 1291 et
1556 1258 1736 1290 vulneribus
1753 1259 1880 1291 Christi.

1244 1390 1280 1425 5.
1310 1385 1604 1425 Circumsoditur
1621 1385 1719 1422 vitis.
1749 1385 1879 1422 Fossio
1898 1386 1980 1423 haec
2000 1387 2187 1424 insidian-

1192 1447 1286 1483 tium
1309 1446 1409 1482 fraus
1429 1445 1664 1494 intelligitur.
1688 1445 1802 1492 Quasi
1822 1445 1922 1481 enim
1949 1446 2096 1483 foveam
2128 1448 2190 1483 so—

1190 1506 1269 1552 dit,
1303 1505 1368 1554 qui
1401 1504 1489 1540 dolo
1522 1503 1757 1540 machinatur
1793 1504 1957 1553 aliquem
1999 1505 2185 1555 decipere.

1190 1564 1302 1603 Unde
1322 1576 1558 1613 conquerens
1584 1563 1673 1599 dicit
1699 1577 1706 1598 :
1732 1565 1924 1599 Foderunt
1943 1573 2030 1599 ante
2048 1564 2189 1612 sociem

1191 1637 1312 1660 meam
1335 1622 1486 1671 foveam
1505 1629 1532 1659 9.
1562 1625 1647 1659 Non
1673 1623 1773 1658 enim
1800 1631 1952 1672 poterat
1978 1623 2032 1659 illi
2055 1624 2191 1673 aliquis

1191 1683 1302 1720 dolus
1328 1682 1528 1727 abscondi,
1556 1682 1621 1731 qui
1641 1682 1810 1718 oculatus
1827 1690 1882 1718 est
1899 1691 1986 1719 ante
2004 1692 2041 1719 et
2063 1692 2188 1729 retro;

1192 1751 1229 1780 et
1252 1743 1318 1792 qui
1337 1742 1527 1792 praeterita
1547 1750 1584 1777 et
1601 1742 1747 1786 sutura,
1770 1749 1949 1790 tanquam
1969 1743 2189 1792 praesentia,

1192 1802 1371 1838 intuetur.
1394 1801 1531 1838 Omnia
1553 1800 1654 1837 enim
1673 1799 1773 1836 nuda
1791 1808 1827 1836 et
1847 1809 1977 1850 aperta
1997 1810 2085 1838 sunt
2104 1815 2191 1838 ocu-

131 1862 320 1896 Derele'cta
332 1869 418 1896 sunt
431 1861 684 1896 tantummodo
704 1859 806 1895 labia
820 1872 903 1894 mea
917 1863 1016 1894 circa
1033 1861 1127 1894 clen-
1145 1869 1173 1904 C
1193 1861 1237 1897 lis
1266 1860 1348 1909 ejus
1366 1867 1406 1896 ¹⁰.
1441 1859 1694 1897 Ostendamus
1726 1868 1850 1896 autem
1885 1872 1954 1909 per
1972 1861 2190 1911 exemplum

131 1928 183 1955 tes
202 1933 301 1955 meos
314 1919 339 1955 ⁵.
363 1923 434 1956 Per
451 1918 549 1956 labia
572 1919 732 1968 quippe,
755 1931 839 1967 quae
865 1918 1008 1954 caeteris
1040 1927 1128 1954 sunt

131 1978 311 2016 membris
331 1979 522 2025 molliora,
541 1978 735 2015 muliebris
752 1991 863 2014 sexus
881 1977 1003 2014 mollis
1019 1986 1056 2014 et
1071 1978 1126 2014 in-

132 2038 263 2074 firmus
279 2038 515 2088 intelligitur,
537 2038 602 2087 qui
622 2038 724 2074 solus
743 2037 912 2083 Christo,
932 2037 1126 2087 discipulis

133 2095 383 2147 fugientibus,
400 2096 574 2143 adhaesit,
589 2097 782 2147 figuratur.
799 2096 920 2146 Elegit
937 2096 1035 2132 enim
1053 2100 1127 2134 Do—

133 2156 258 2193 minus
276 2155 424 2192 infirma
443 2155 597 2201 mundi,
629 2164 670 2192 ut
693 2156 943 2193 confunderet
972 2156 1082 2192 sortia
1094 2154 1123 2192 ⁶.

133 2216 170 2253 Si
196 2228 288 2252 vero
313 2215 438 2266 fugam
461 2216 662 2253 mentalem
690 2216 953 2265 intelligimu53
978 2229 1047 2252 nec
1071 2216 1128 2252 vir

134 2275 284 2312 relictus
303 2283 360 2312 est
383 2288 467 2312 cum
494 2288 558 2320 eo,
582 2288 651 2312 nec
671 2276 819 2321 mulier,
846 2284 984 2324 praeter
1002 2276 1101 2312 illam
1120 2304 1129 2321 ,

132 2346 217 2384 quae
233 2334 311 2370 sola
331 2333 531 2371 benedicta
550 2343 606 2371 est
622 2335 659 2371 in
679 2334 918 2379 mulieribus,
943 2348 1027 2384 quae
1049 2335 1127 2371 sola

132 2406 201 2444 per
219 2393 312 2430 illud
343 2394 445 2430 triste
466 2393 663 2431 sabbatum
683 2394 785 2430 stetit
806 2394 843 2430 in
879 2393 973 2440 fide,
995 2403 1031 2430 et
1051 2394 1125 2431 sal-

132 2461 217 2490 vata
242 2453 311 2489 fuit
332 2453 496 2490 Ecclesia
522 2453 560 2489 in
589 2453 671 2503 ipsa
699 2454 819 2490 solaa.
842 2457 1001 2503 Propter
1023 2453 1127 2503 quod

132 2512 322 2562 aptissime
355 2520 432 2549 tota
459 2513 623 2550 Ecclesia
653 2513 690 2549 in
720 2513 868 2550 laudem
901 2522 939 2549 et
969 2514 1125 2563 gloriam

134 2570 303 2619 ejusdem
325 2571 488 2621 Virginis
516 2572 614 2608 diem
642 2571 786 2609 sabbati
808 2586 876 2622 per
905 2573 1019 2609 totius
1038 2573 1128 2610 anni

1191 1921 1354 1970 aliquam
1371 1919 1538 1956 fraudem
1555 1920 1709 1956 istarum
1728 1919 1949 1957 fossionum.
1970 1923 2187 1965 Adducunt,

1192 1980 1314 2030 inquit
1355 1979 1600 2029 Evangelium
1621 2007 1631 2025 ,
1666 1979 1832 2016 Domino
1867 1982 1957 2016 Jesu
1995 1983 2189 2017 mulierem

1192 2042 1400 2076 adulteram
1411 2068 1422 2084 ‚
1443 2041 1618 2083 (licentes,
1642 2041 1745 2086 quod
1761 2040 1911 2086 Moyses
1931 2044 1970 2075 in
1989 2042 2069 2088 lege
2083 2054 2190 2089 prce-

1192 2104 1290 2148 cepit
1313 2099 1526 2146 hujusmodi
1555 2099 1740 2146 lapidare.
1772 2099 1826 2133 Tu
1853 2107 1976 2134 autem
2005 2100 2100 2146 quid
2125 2101 2189 2135 ‹li-

1193 2163 1244 2194 cis
1258 2159 1309 2194 ¹¹?
1324 2157 1418 2195 Vide
1439 2158 1602 2202 foveam,
1624 2170 1699 2206 qua
1718 2156 1865 2194 beatam
1882 2157 2005 2194 Vitem
2023 2167 2190 2195 nostram

1192 2216 1517 2254 circumfoderunt
1534 2217 1588 2252 illi
1605 2216 1758 2266 pessimi
1775 2216 1947 2266 agricolae
1959 2245 1969 2262 ,
1987 2230 2062 2254 non
2079 2226 2120 2254 ut
2137 2219 2193 2254 fa—

1191 2284 1318 2312 cerent
1341 2288 1422 2312 eam
1444 2275 1675 2324 germinare,
1694 2275 1759 2311 sed
1778 2275 1895 2324 magis
1915 2287 2096 2312 arescere.
2120 2280 2192 2314 Ve-

1192 2343 1405 2371 rumtamen
1422 2334 1461 2370 in
1481 2334 1712 2370 contrarium
1731 2335 1842 2370 cessit
1859 2347 1992 2371 eorum
2009 2335 2192 2383 intentio;

1191 2401 1228 2429 et
1247 2393 1489 2430 circumfossa
1507 2393 1638 2429 fertilis
1655 2394 1772 2443 magis
1789 2393 1883 2430 facta
1901 2402 1976 2439 est,
1999 2403 2036 2431 et
2052 2395 2194 2432 humo-

1192 2465 1271 2489 rem
1289 2452 1557 2489 misericordiae
1578 2452 1775 2489 distillans.
1800 2455 1943 2490 Foveas
1959 2466 2052 2491 vero
2067 2455 2195 2492 videa-

1193 2525 1287 2549 mus.
1322 2512 1510 2549 Dixerunt
1541 2511 1642 2562 apud
1672 2525 1710 2548 se
1734 2526 1741 2547 :
1765 2512 1803 2549 Si
1833 2512 2040 2550 secundum
2072 2514 2193 2564 legem

1193 2573 1332 2610 dixerit
1354 2573 1549 2610 mulierem
1577 2572 1818 2622 lapidandam
1835 2601 1844 2618 ‚
1877 2574 2023 2610 foveam
2053 2575 2194 2612 incidet

134 2630 315 2666 circulum
335 2630 524 2667 celebrare
550 2632 758 2668 consuevit.
781 2635 876 2669 Vere
899 2641 935 2668 et
957 2632 1125 2681 singula·
1141 2640 1174 2673 D
1191 2632 1421 2670 crudelitatis
1436 2661 1445 2678 ‚
1467 2632 1532 2681 qui
1553 2632 1599 2668 de
1625 2644 1664 2668 se
1685 2632 1776 2668 dicit
1793 2660 1803 2677 ,
1823 2634 1934 2668 Alitis
1956 2647 2036 2669 sum
2067 2644 2106 2670 et
2123 2636 2193 2670 lm-

137 2689 228 2724 riter
246 2688 465 2726 benedictus
493 2691 654 2739 palmes,
683 2691 747 2739 qui
773 2703 795 2727 a
821 2703 888 2727 sua
916 2691 990 2727 vite
1022 2691 1125 2728 nullo

137 2747 259 2797 potuit
290 2747 426 2784 timore
458 2749 621 2797 praecidi.
650 2749 814 2786 Abscissi
844 2759 932 2786 sunt
959 2751 1030 2786 viri
1061 2752 1127 2800 qui

137 2806 268 2842 dicunt
285 2821 293 2842 :
316 2808 392 2842 Nos
409 2817 532 2843 autem
554 2808 795 2856 sperabamus
814 2812 916 2856 quod
934 2814 1014 2857 ipse
1040 2813 1127 2845 recl-

139 2875 327 2912 empmrus
342 2875 433 2901 esset
450 2869 605 2903 lemen.
632 2867 812 2904 Abscissae
831 2876 917 2904 sunt
935 2869 1124 2914 mulieres,

138 2936 223 2972 quae
245 2924 414 2971 quamvis
435 2924 495 2973 pie
518 2925 754 2974 praeveniunt
779 2934 931 2962 mortuo
955 2926 1129 2964 humani-

140 2983 224 3019 tatis
244 2983 436 3020 servitium
453 2984 665 3030 exhibere⁸‚
685 2993 806 3022 tamen
834 2986 939 3023 illum
966 3000 1129 3024 resurre-

1191 2696 1291 2729 nu'lis
1311 2694 1420 2728 corde
1433 2698 1460 2713 ¹²
1477 2706 1487 2737 ;
1511 2700 1548 2728 et
1570 2692 1721 2736 iterum,
1737 2694 2037 2728 Misericordiam
2055 2697 2141 2730 volo
2159 2704 2194 2731 ce

1192 2766 1265 2787 non
1282 2751 1505 2797 sacrificium
1519 2749 1560 2786 ¹³.
1582 2751 1618 2786 Si
1637 2763 1730 2786 vero
1748 2750 1886 2786 dixerit
1905 2750 2192 2798 absolvendam,

1193 2812 1340 2847 foveam
1372 2809 1694 2860 praevaricationis
1729 2822 1805 2845 non
1839 2810 1973 2847 evadet
2000 2826 2007 2847 :
2041 2820 2077 2848 et
2106 2811 2194 2861 jure

1193 2869 1508 2907 condemnabitur
1523 2877 1563 2904 ut
1577 2869 1668 2918 legis
1686 2877 1950 2918 transgressor.
1968 2871 2028 2908 Sic
2042 2881 2194 2922 captant

1196 2930 1232 2966 in
1254 2930 1415 2965 animam
1431 2928 1522 2977 justi
1537 2929 1581 2974 ¹⁴,
1610 2936 1643 2964 et
1663 2927 1867 2965 observant
1888 2939 2104 2979 peccatores
2123 2931 2192 2980 ju-

1195 2997 1307 3034 stum,
1325 2997 1361 3024 et
1378 2988 1538 3025 strident
1556 2986 1587 3009 ¹⁵
1605 3003 1612 3024 ε
1633 2988 1841 3025 nescientes
1858 2989 1961 3038 quod
1981 2990 2118 3027 frustra
2132 2991 2194 3040 ja-

190 3127 199 3142 ¹
219 3123 310 3152 Joan.
337 3133 417 3158 xix,
447 3125 502 3154 29.
523 3141 566 3145 >—
591 3129 603 3145 ²
625 3124 696 3154 lsai.
728 3136 834 3161 rxiu,
862 3129 893 3156 3.
910 3143 954 3149 —-
980 3124 993 3147 ³
1016 3126 1096 3156 Psal.
1122 3137 1249 3163 mcviii,
1277 3130 1330 3157 21.
1354 3144 1397 3148 —
1421 3126 1434 3152 -ἱ
1461 3130 1540 3158 Luc.
1570 3136 1681 3163 xxm,
1709 3128 1764 3164 27,
1788 3133 1817 3157 ct
1841 3129 1934 3159 Joan.
1960 3139 2040 3166 xix,
2069 3132 2123 3160 25.
2156 3147 2196 3152 —-

143 3172 156 3194 5
182 3173 245 3205 Jol)
268 3185 347 3211 xix,
365 3177 420 3205 20.
443 3193 486 3198 —
508 3172 640 3207 ⁶1Cor.
660 3188 692 3213 ι,
714 3179 768 3207 27.
789 3195 833 3199 —-
854 3183 866 3207 7
889 3181 961 3209 Luc.
982 3189 1076 3215 xxiv,
1099 3181 1153 3208 21.
1175 3196 1218 3201 -
1242 3179 1323 3210 ⁸111.
1348 3191 1456 3215 xxiii,
1485 3183 1540 3210 55.
1560 3196 1603 3201 —
1621 3184 1636 3207 9
1652 3179 1730 3210 Psal.
1755 3190 1827 3215 ινι,
1852 3183 1882 3210 7.
1900 3198 1944 3203 -
1965 3186 1993 3201 ¹⁰
2019 3181 2117 3212 chr.
2144 3194 2195 3217 iv,

147 3229 199 3257 ¹3.
226 3243 269 3248 —
300 3232 324 3247 ¹¹
357 3229 450 3259 Joan.
477 3239 562 3265 vni,
596 3231 637 3266 3,
669 3233 698 3260 ἰ».
728 3247 769 3252 ——
799 3234 827 3250 ¹²
857 3229 971 3260 Manli.
994 3241 1051 3268 xi,
1080 3233 1134 3261 29.
1164 3248 1206 3253 —-
1236 3228 1266 3252 ¹3
1293 3234 1372 3262 Osce
1393 3243 1446 3268 vi,
1469 3236 1500 3262 G.
1522 3249 1565 3253 —
1597 3230 1624 3254 ¹⁴
1657 3231 1736 3262 Psal.
1769 3242 1876 3268 xciii,
1897 3236 1951 3263 5²1.
1982 3250 2023 3255 -—
2057 3231 2087 3254 ¹5
2119 3234 2197 3263 Psal-

144 3289 246 3309 1xxw
261 3302 268 3315 ,
298 3282 350 3309 12.

192 3344 204 3358 ³
225 3340 297 3367 lla-c
314 3344 382 3368 sunt
404 3338 602 3380 intelligenda
621 3340 658 3370 dc
673 3340 731 3371 side·
751 3341 929 3372 omnimode
950 3342 1019 3372 sorti
1037 3348 1066 3372 et
1089 3342 1234 3383 perfecta.
1255 3361 1296 3365 —
1316 3336 1331 3358 ¹·
1346 3343 1449 3380 Alias,
1467 3343 1573 3372 animi.
