2504 3928
380 165 447 199 19⁸.)

1141 161 1426 197 olma-:tuenti
1459 162 1655 198 ABttA‘rts

377 254 509 289 «puin»,
546 237 689 275 anima,
721 248 802 282 qua·
836 233 926 269 hora
956 233 1094 271 incensi
1127 236 1291 272 ascendit
1322 237 1398 272 ad'·'

2342 162 2417 198 200

1403 237 1413 253 ³
1433 237 1573 273 catulor
1600 237 1801 272 immensus
1821 239 1992 273 mmmm?
2014 241 2110 273 Bene
2134 245 2208 273 tota
2237 237 2414 286 pulchra,

379 304 542 340 Patrem,
576 308 658 343 quar
679 293 756 328 siue
779 292 974 328 iutcrxallo
994 292 1040 328 dc
1063 293 1202 330 Libano
1231 295 1276 331 ad
1297 310 1360 331 co-
1382 298 1409 330 A
1429 305 1465 332 ct
1496 297 1787 346 superpulchra,
1819 297 1853 332 in
1889 310 1998 345 quam
2033 296 2137 332 uberi
2175 297 2306 346 illapsu
2338 310 2417 334 sese

378 370 508 395 ronam
531 361 706 396 meatur,
727 364 905 387 corouam
931 352 1076 399 gloriai,
1094 366 1205 401 quam
1235 353 1364 389 rcddct

376 420 427 455 illi
464 418 499 453 in
533 416 624 450 hora
661 413 836 448 transitus
863 411 988 460 justus
1017 412 1135 461 judex
1173 423 1208 450 ct
1247 414 1365 450 dulcis

376 489 535 526 sponsus
574 477 680 508 ,lesus
716 471 883 508 Christus
910 484 993 507 cum
1026 475 1107 508 Deo
1146 476 1253 509 Patre
1299 486 1365 521 per

372 535 496 572 omnia
516 532 649 569 sau-ula
667 531 900 567 saecutorum.
926 534 1055 567 Amen.

373 668 1359 683 ======================================================================

605 794 854 850 SERMO
920 795 1136 848 XXIX.

418 942 490 969 Tota
505 934 638 981 pulchra
653 946 700 967 rs,
722 934 822 963 amica
837 943 914 963 mea.
936 932 1056 963 Cantic.
1079 943 1145 974 rap.
1169 943 1213 970 ιν,
1236 930 1274 968 j.
1293 936 1322 964 7.

764 1065 768 1067 -
791 1058 946 1073 «mooe-
966 1064 969 1065 ν

429 1192 458 1228 1.
498 1191 587 1224 Tota
604 1187 762 1235 pulchra
793 1198 849 1228 cs,
877 1189 1000 1220 amica
1027 1198 1128 1228 mea,
1157 1194 1189 1220 cl
1215 1188 1360 1221 macula

373 1263 445 1286 reon
473 1258 526 1284 cst
553 1252 590 1282 iu
623 1255 655 1281 tc
673 1259 681 1279 .·
705 1249 787 1280 vem·
821 1246 866 1278 (lc
896 1243 1056 1287 Libano,
1083 1258 1221 1292 sponsa
1253 1258 1357 1287 mea,

371 1314 459 1346 veni
483 1311 529 1343 ds·
553 1305 717 1347 labsum,-
750 1308 859 1347 veni,
888 1302 1126 1339 coromzberc's.
1148 1304 1239 1350 Quis
1272 1303 1359 1339 mihi

370 1368 473 1405 dabit
500 1365 597 1402 istud
629 1363 739 1399 trium
762 1362 773 1409 ζ
793 1370 833 1397 ut
864 1361 916 1398 sic
951 1360 1097 1410 dicam)
1118 1361 1262 1398 dierum
1292 1362 1362 1397 iter

370 1425 581 1464 conficere?
602 1423 704 1472 quis,
727 1421 900 1469 iuquam,
924 1419 1027 1455 dabit
1047 1420 1138 1456 mihi
1152 1420 1247 1457 hanc
1264 1421 1360 1456 viam

371 1486 557 1523 indefesso
589 1483 734 1518 incessu
766 1480 1014 1529 percurrere?
1045 1479 1122 1515 Viae
1158 1479 1256 1524 istae‚
1293 1479 1362 1515 viae

371 1544 558 1595 pulchrae,
585 1549 623 1577 ct
647 1538 788 1576 semitae
819 1538 982 1587 pacificae
1018 1546 1126 1583 sunt,
1157 1539 1286 1574 venire
1317 1538 1362 1574 (lc

370 1603 517 1642 Libano
549 1600 595 1637 ad
627 1598 833 1643 Libanum,
864 1597 910 1633 de
942 1596 1086 1633 Libano
1115 1597 1161 1633 ad
1191 1610 1360 1647 regumn.

374 1668 465 1701 Nam
487 1672 625 1711 sponsa
646 1658 692 1694 ad
718 1669 895 1693 coronam
918 1664 1066 1701 vocata,
1085 1656 1239 1692 invitata
1259 1656 1362 1693 vide-

371 1731 433 1759 tur
449 1720 494 1757 ad
521 1716 701 1768 regnandi
725 1715 969 1752 consortium.
991 1715 1118 1751 Dulcis
1137 1724 1192 1751 est
1211 1716 1270 1751 hic
1294 1716 1363 1752 viae

1432 356 1630 392 transfudit
1651 356 1772 391 munis
1794 355 2033 404 pulchritudo
2059 355 2224 392 Domini.
2249 356 2417 392 Exaltata

1430 415 1582 464 quidem
1611 423 1667 451 est
1698 428 1811 464 super
1840 414 1978 460 sidera,
2009 414 2151 464 species
2175 422 2299 450 tamen
2332 415 2416 464 pul-

1431 474 1653 510 chritudiuis
1671 473 1752 522 ejus
1768 474 1805 509 in
1821 487 1969 523 sponsa.
1992 477 2137 522 is'pecies
2150 503 2160 519 ‚
2183 474 2324 523 inquit,
2341 478 2419 519 ejus

1432 538 1468 569 in
1499 533 1651 569 nabibus
1683 535 1777 568 cwli.
1807 533 1994 580 Quamdiu
2019 546 2156 582 sponsa
2188 532 2307 570 nubes
2334 534 2418 570 coeti

1429 601 1506 636 cst,
1541 592 1659 628 nubes
1689 592 1809 628 lueida
1831 600 1868 627 ct
1898 592 2008 637 levis,
2036 600 2073 627 et
2099 592 2203 640 quasi
2223 592 2269 628 ad
2299 593 2417 630 solem

1429 651 1626 696 accedens,
1656 660 1692 687 ct
1722 651 1841 700 ipsum
1872 651 2094 700 suscipiens,
2123 651 2264 687 tamdiu
2303 652 2339 688 in
2375 665 2416 688 ea

1429 711 1529 745 solus
1553 710 1648 746 Solis
1668 710 1848 759 splendor
1874 710 2035 755 relucet,
2059 718 2096 746 et
2124 709 2415 759 pulchritudinis

1429 769 1509 817 ejus
1528 769 1669 818 species
1687 778 1822 805 manet.

1482 829 1518 864 2.
1542 829 1653 864 Plane
1672 837 1758 864 tunc
1777 827 1895 864 nubes
1907 836 1961 864 cst
1978 840 2114 877 sponsa
2127 856 2136 873 ,
2159 827 2310 877 quando
2332 829 2417 877 spi-

1429 887 1572 924 ritualis
1599 886 1745 923 obtinet
1774 887 1983 923 affectionis
2003 887 2215 932 levitatem,
2237 895 2272 922 ct
2296 887 2414 923 lucem

1431 947 1695 995 intelligentiae.
1727 946 1912 993 Quamdiu
1950 945 2154 994 spiritualis
2191 946 2314 982 anima
2348 959 2416 995 per

1385 1005 1411 1038 B
1429 1006 1607 1041 orationis
1635 1013 1671 1041 et
1691 1004 2018 1053 contemplationis
2045 1017 2151 1040 usum
2179 1004 2217 1040 in
2245 1005 2416 1054 supernis

1428 1064 1689 1113 suspenditur,
1717 1064 1811 1100 sicut
1839 1063 1961 1100 lucida
1989 1062 2107 1100 nubes
2134 1072 2172 1100 et
2199 1064 2312 1111 levis3
2339 1072 2415 1101 tota

1427 1123 1575 1159 interim
1609 1123 1766 1172 pulchra
1795 1131 1870 1167 est,
1900 1122 1987 1171 quia
2021 1129 2097 1158 tota
2127 1122 2245 1158 amica
2272 1130 2348 1168 est;
2379 1130 2417 1159 et

1427 1183 1572 1219 macula
1594 1195 1742 1228 carens,
1765 1182 1851 1230 quia
1871 1181 1906 1217 in
1926 1180 2078 1216 fervidae
2100 1180 2288 1217 charitatis
2307 1193 2416 1217 versa

1426 1250 1481 1278 est
1499 1242 1663 1278 colorem
1686 1256 1693 1277 :
1714 1241 1805 1277 hora
1832 1241 1901 1276 ista
1925 1239 2127 1289 gloriosam
2150 1238 2220 1275 sibi
2239 1239 2414 1289 sponsain

1426 1300 1595 1346 exhibet,
1627 1314 1703 1336 non
1733 1299 1932 1336 habentem
1956 1299 2136 1335 maculam
2170 1298 2227 1334 vel
2260 1312 2412 1348 rugam,

1428 1360 1613 1396 mundans
1635 1360 1736 1395 illam
1760 1372 1836 1394 non
1859 1366 1931 1394 tam
1958 1358 1995 1393 iu
2018 1357 2218 1406 sauguine,
2244 1370 2356 1406 quam
2377 1357 2414 1393 in

1427 1419 1568 1455 lumine
1586 1431 1665 1454 suo,
1684 1416 1883 1465 Quomodo
1904 1430 1979 1452 non
1998 1425 2073 1452 tota
2092 1417 2267 1466 pulchra,
2284 1417 2320 1452 in
2339 1429 2414 1466 qua

1430 1487 1503 1514 tam
1521 1491 1697 1528 expressa
1719 1477 1858 1513 divinae
1887 1475 2176 1526 pulcln‘itudinis
2195 1476 2338 1525 species
2352 1489 2416 1525 ap-

1428 1540 1558 1587 paret?
1579 1542 1699 1585 Quam
1718 1536 1807 1572 mihi
1823 1535 1928 1572 dabis
1948 1535 2130 1580 animam,
2148 1548 2260 1584 quam
2278 1535 2417 1575 'audeas

1429 1610 1473 1634 ex
1509 1605 1587 1633 toto
1622 1597 1816 1646 pulchram
1848 1595 2024 1639 delinire,
2056 1593 2127 1630 nisi
2159 1594 2198 1630 in
2228 1594 2296 1630 hac
2324 1593 2417 1630 hora

1430 1665 1597 1701 tantum,
1628 1654 1779 1705 quando
1806 1667 1874 1704 per
1908 1653 2046 1690 amoris
2073 1661 2202 1689 aestum
2232 1653 2317 1702 plus
2343 1653 2417 1689 im-

1428 1715 1577 1760 buitur,
1612 1728 1724 1764 quam
1758 1713 1927 1750 induitur
1963 1712 2087 1762 specie
2123 1712 2291 1761 Sponsi?
2324 1712 2417 1749 Aliis

371 1781 571 1823 terminus,
599 1776 663 1813 sed
685 1775 929 1811 nihilominus
949 1773 1067 1810 dulcis
1089 1782 1144 1810 est
1174 1775 1361 1811 transitus.
1384 1774 1410 1810 C
1429 1775 1580 1823 quidem
1600 1774 1698 1810 horis
1718 1773 1797 1809 sine
1821 1771 1965 1808 macula
1983 1771 2201 1820 (leputatur,
2223 1770 2311 1806 dum
2331 1771 2415 1807 cul-

373 1838 512 1887 Quidui
534 1835 672 1880 dulcis,
700 1834 764 1882 qui
795 1833 911 1869 nescit
936 1846 955 1868 a
978 1832 1120 1869 Libano
1145 1833 1365 1869 deflectere?

372 1902 456 1935 Non
487 1898 563 1932 haec
596 1902 651 1930 est
685 1893 745 1928 via
775 1892 865 1936 lata,
891 1904 966 1926 non
993 1891 1072 1927 haec
1098 1899 1153 1927 est
1176 1892 1232 1928 via
1255 1892 1362 1936 laica,

372 1971 441 1994 nec
459 1962 584 2006 potest
604 1965 671 2002 per
699 1964 779 1987 eam
811 1949 968 1986 transire
999 1950 1177 1998 pollutus.
1200 1954 1281 1987 Non
1309 1960 1365 1987 est

370 2014 574 2058 currentis,
608 2023 676 2046 nec
706 2007 892 2050 volentis,
923 2007 987 2043 sed
1019 2007 1229 2044 miserentis
1251 2010 1360 2045 Dei¹.

368 2071 580 2113 Miscrcutis
607 2082 673 2106 cur
694 2068 802 2104 dico?
821 2067 994 2102 dixissem
1025 2067 1175 2111 melius,
1198 2067 1362 2103 Deside-

370 2134 496 2172 rantis.
520 2135 577 2168 An
598 2142 672 2165 non
689 2126 880 2163 aestuantis
894 2125 1068 2161 desiderii
1089 2133 1175 2161 vota
1193 2124 1361 2174 designat

368 2191 517 2229 vocatio
537 2189 654 2225 trina?
671 2185 908 2223 Vehementis
928 2184 1084 2220 affectus
1099 2193 1361 2231 argumentum

370 2248 547 2299 estquod
578 2246 689 2282 tertio
720 2252 839 2280 vocat.
860 2247 1040 2279 Percurre
1069 2243 1195 2279 auimo
1226 2255 1361 2291 praecc-

371 2310 496 2347 deutia
514 2304 654 2344 Cantici
671 2302 804 2352 hujus;
823 2314 1006 2350 nusquam
1029 2301 1191 2350 reperies
1206 2302 1263 2337 vel
1287 2309 1358 2337 tam

372 2367 505 2405 crcbro
530 2371 718 2406 vocatam,
747 2361 804 2397 xel
827 2369 898 2396 tam
924 2372 1099 2408 expresse
1117 2360 1360 2396 commcnda-

374 2437 446 2465 tam
468 2421 784 2476 pulchritudinem
808 2431 969 2469 sponsae.
996 2421 1068 2454 Ter
1088 2427 1216 2464 vocat,
1242 2427 1278 2454 et
1300 2427 1360 2454 to-

374 2495 446 2523 tam
465 2482 658 2533 pulchram
681 2479 779 2515 dicit.
804 2478 974 2526 Denique
995 2477 1030 2513 iu
1060 2477 1359 2526 praecedcntibus

1430 1846 1477 1882 pa
1504 1845 1579 1868 non
1600 1833 1818 1881 imputatur.
1844 1834 1924 1867 Hoc
1951 1838 2075 1866 autem
2099 1837 2289 1865 momento
2313 1829 2416 1878 quod

1429 1892 1508 1928 sine
1538 1892 1680 1927 macula
1708 1890 1865 1934 dicitur,
1894 1902 1969 1926 non
1991 1897 2045 1925 est
2065 1888 2328 1936 indulgentiae,
2351 1889 2416 1925 sed

1431 1950 1659 1995 dilectionis,
1684 1949 1747 1985 scd
1777 1948 1969 1993 desiderii,
1988 1947 2052 1983 scd
2078 1946 2301 1984 devotionis.
2325 1948 2417 1995 Quis

1427 2009 1526 2045 enim
1551 2009 1702 2046 dabitur
1722 2008 1840 2044 veniae
1870 2008 1996 2053 locus,
2023 2005 2088 2042 ubi
2111 2014 2197 2042 vota
2228 2006 2416 2043 charitatis

1429 2076 1569 2103 tantum
1586 2068 1816 2104 exaestuant?
1832 2071 1948 2102 Amor
1963 2065 2199 2114 indulgentia
2215 2077 2291 2101 non
2308 2074 2389 2114 eget
2406 2080 2414 2102 :

1429 2134 1546 2162 totum
1573 2126 1670 2162 enim
1698 2125 1898 2174 gratiosum
1934 2133 2010 2169 est,
2033 2123 2097 2160 ubi
2126 2124 2227 2161 solus
2246 2132 2314 2160 est.
2337 2127 2415 2161 De-

1427 2185 1540 2233 nique
1568 2184 1653 2221 vide
1679 2197 1778 2219 nunc
1800 2183 1993 2232 quomodo
2016 2191 2053 2218 et
2074 2182 2215 2218 offensa
2243 2182 2416 2219 excludi—

1428 2252 1500 2289 tur,
1521 2252 1557 2279 et
1570 2244 1686 2293 gratia
1704 2242 1990 2278 commendatur
2003 2250 2039 2278 et
2058 2242 2135 2278 sola
2152 2241 2280 2290 gratia.
2307 2244 2412 2287 Tota,

1426 2302 1572 2351 inquit,
1589 2302 1744 2350 pulchra
1766 2316 1819 2346 es,
1845 2305 1964 2336 amica
1985 2315 2089 2343 mea,
2113 2309 2148 2335 et
2167 2304 2315 2336 macula
2338 2314 2414 2336 non

1427 2369 1480 2395 est
1509 2365 1546 2395 iu
1573 2370 1618 2396 te.
1641 2359 1900 2396 Blandimenta
1927 2357 2144 2407 hujusmodi
2176 2371 2252 2394 non
2282 2358 2415 2395 viden-

1427 2427 1487 2455 tur
1515 2419 1764 2468 indulgentis,
1797 2418 1862 2455 sed
1899 2418 2106 2467 diligentis,
2136 2417 2201 2454 sed
2233 2418 2412 2464 amantis,

1425 2478 1489 2514 scd
1511 2478 1740 2514 admirantis.
1759 2477 1974 2515 Oblectatus
1992 2476 2290 2526 pulchritudine,
2310 2485 2415 2527 optat

371 2545 423 2581 sic
440 2541 574 2578 habes:
592 2541 687 2574 Ecce
710 2545 746 2572 tu
759 2537 916 2584 palesna
935 2549 990 2579 es,
1015 2539 1138 2570 amica
1157 2549 1257 2579 mea,
1278 2549 1359 2571 ecce
1376 2542 1406 2575 D
1424 2537 1670 2585 praeseutiam.
1694 2539 1784 2571 l'em'
1808 2538 1854 2571 (lc
1882 2535 2039 2581 Libano,
2066 2540 2155 2571 vem'
2174 2538 2220 2571 de
2245 2535 2389 2572 Libano
2403 2550 2415 2571 :

371 2614 410 2640 tu
425 2600 582 2650 pulchra
597 2605 621 2633 ².
649 2599 692 2632 Et
722 2595 855 2631 iterum
880 2593 991 2630 alibi:
1019 2594 1051 2627 ()
1076 2607 1187 2642 quam
1203 2595 1359 2641 pulchra

373 2678 427 2706 cs,
450 2665 571 2696 tunica
593 2671 674 2692 mea
690 2659 703 2690 !
719 2669 828 2703 quam
843 2655 1002 2703 pulchra
1027 2668 1064 2689 es
1084 2652 1117 2688 3!
1138 2658 1217 2690 lloc
1234 2663 1357 2690 auten!

375 2721 484 2758 tertio
515 2719 550 2755 in
581 2718 664 2753 loco
696 2723 810 2751 totam
835 2713 1031 2763 pulchram
1055 2713 1196 2749 delinit.
1215 2714 1290 2750 Illis
1322 2715 1358 2749 in

373 2781 464 2817 locis
484 2779 540 2815 vel
562 2777 795 2813 demonstrat
816 2773 917 2822 quod
943 2772 1100 2822 pulchra
1120 2780 1195 2816 cst,
1216 2773 1271 2808 vel
1294 2773 1359 2808 mi-

375 2849 475 2877 ratur
505 2835 607 2886 quod
637 2843 709 2870 tam
734 2833 889 2882 pulchra
910 2841 991 2868 cst:
1012 2844 1086 2867 non
1112 2839 1232 2867 tamen
1263 2831 1357 2866 dcli—

375 2900 450 2935 nitc
479 2894 701 2932 determinat
722 2891 824 2940 quod
850 2892 929 2939 ipsa
957 2891 1004 2926 sit
1033 2904 1077 2926 ex
1102 2891 1244 2938 integro
1269 2891 1356 2939 pul-

374 2960 460 2994 ‹·ln·a
475 2985 483 3000 ,
506 2956 599 2991 sicut
623 2953 658 2988 in
682 2951 867 3000 pra-senti.
892 2953 980 2985 Τοῖα
995 2951 1150 2997 pulchra
1161 2963 1215 2994 es,
1238 2954 1359 2985 mulcet

375 3030 468 3053 mea.
486 3011 686 3061 Quomodo
706 3023 778 3045 non
803 3017 877 3044 tota
895 3009 1049 3057 pulchra
1069 3008 1358 3057 pulchritudini,

373 3085 409 3111 ‹-t
432 3074 497 3110 toti
521 3069 788 3121 pulchritudini
821 3068 1032 3103 collaterata
1054 3081 1098 3103 cx
1127 3069 1230 3103 toto?
1255 3072 1358 3114 Quo-

373 3133 485 3171 modo
507 3144 581 3167 non
610 3138 683 3165 tota
713 3127 888 3177 pulchra,
908 3128 943 3162 in
964 3140 1075 3175 quam
1098 3126 1189 3161 lucis
1209 3134 1357 3162 aetcruae

423 3268 426 3277 ¹
452 3264 538 3289 Rom.
555 3268 586 3286 tx
602 3279 609 3293 ‚
634 3259 681 3285 lt).
703 3272 737 3276 —-
761 3253 953 3284 ¹(];1lnti‹'.l,
981 3255 1029 3281 1ἰ,
1052 3270 1089 3275 ——-
1115 3250 1191 3281 3121.
1214 3263 1257 3287 tx,
1282 3255 1304 3281 Ι,

1425 2601 1534 2640 veni,
1561 2595 1804 2631 cmomtlwfas.
1828 2595 2005 2632 Iiu·itatio
2027 2594 2157 2632 crebra
2174 2594 2302 2645 prodit
2323 2595 2415 2632 affe-

1425 2662 1547 2699 ctum,
1569 2663 1653 2691 vota
1673 2654 1894 2691 manifestat.

1478 2715 1512 2749 3.
1556 2714 1625 2750 Alii
1662 2714 1766 2750 trinae
1796 2713 2003 2750 vocationis
2038 2721 2254 2750 scrutentur
2285 2726 2412 2750 sacra-

1425 2781 1568 2816 menta,
1600 2781 1636 2807 ct
1665 2773 1800 2821 gradus
1821 2773 2008 2821 assignent
2028 2786 2034 2808 :
2055 2772 2143 2808 mihi
2162 2772 2313 2822 quidem
2333 2773 2413 2808 suf-

1427 2833 1502 2867 licit
1519 2831 1656 2868 divinae
1677 2831 1876 2879 majestatis
1897 2832 2096 2868 humanam
2126 2831 2304 2868 adversus
2329 2831 2412 2868 ani·

1426 2903 1522 2926 mam
1550 2891 1724 2926 affectum
1757 2891 1895 2926 mirari.
1917 2890 2020 2927 Istud
2051 2890 2206 2935 suflicit,
2235 2889 2299 2926 sed
2334 2890 2414 2939 ipse

1426 2949 1642 2985 succumbo.
1668 2950 1818 2986 Utinam
1841 2950 1930 2985 mihi
1952 2949 2041 2984 nihil
2074 2947 2266 2985 incumbat
2293 2961 2412 2997 nego·

1428 3009 1489 3054 tii,
1525 3009 1593 3044 nisi
1629 3022 1810 3058 suspenso
1840 3022 1987 3057 semper
2014 3017 2170 3057 stupore
2190 3008 2315 3044 mirari
2342 3008 2412 3043 im-

1425 3080 1578 3116 pensam
1595 3068 1772 3117 gratiam,
1795 3068 1843 3103 ita
1863 3076 1985 3103 tamen
2006 3075 2045 3102 ut
2070 3066 2307 3102 admirationi
2326 3066 2412 3102 huic

1427 3135 1509 3163 vota
1522 3125 1740 3176 jungantur,
1758 3135 1793 3175 ct
1810 3139 1982 3175 germana
1996 3126 2041 3163 sit
2057 3126 2227 3163 charitas.
2246 3126 2412 3162 Affectus
