2418 3949
126 174 202 212 673

125 250 245 287 fidelis
264 263 406 287 servus.
423 253 542 287 Verus
558 249 744 299 poenitens
760 263 909 301 semper
928 251 966 287 in
984 249 1112 287 labore

844 172 1204 211 MEDITATIONES
1232 173 1463 209 PIISSIMAE.

1123 247 1173 265 525

2099 170 2172 206 1574

1185 261 1254 297 per
1280 250 1384 286 illum
1417 249 1676 299 ingrediantur
1705 258 1743 286 et
1772 249 2013 298 egrediantur
2043 260 2175 283 omnes

125 317 162 346 et
181 309 313 346 dolore
336 323 343 345 ε
365 309 468 345 dolet
490 308 535 344 de
556 308 755 358 praeteritis
772 338 781 354 ‚
802 309 947 346 laborat
966 321 1036 358 pro
1057 308 1115 344 su-
1136 307 1166 340 A
1184 307 1330 345 familiae
1350 309 1494 354 cordis3
1513 317 1789 358 consequenter
1804 308 1941 345 adsunt
1960 306 2075 344 millia
2090 306 2175 342 mil-

126 368 219 404 turis
239 368 429 404 cavendis.
456 371 553 404 Vera
582 368 768 416 siquidem
795 369 1014 418 poenitentia
1034 375 1112 412 est,

125 427 205 464 sine
223 428 404 477 temporis
426 427 706 464 intermissione
724 428 770 464 de
790 427 952 477 peccatis
974 427 1113 462 dolere.

124 487 185 523 Sic
205 488 349 537 plangit
365 488 560 524 commissa
576 515 585 532 ‚
615 495 657 523 ut
682 500 759 523 non
783 487 992 524 committat
1011 487 1117 536 plan-

124 546 256 595 genda.
284 546 418 584 Irrisor
437 559 599 596 namque
629 554 685 582 est
704 554 741 582 et
761 559 837 582 non
859 558 971 582 verus
994 545 1116 595 poeni-

126 613 226 650 tens,
248 606 312 655 qui
330 606 451 642 adhuc
467 607 542 656 agit
562 605 665 655 quod
685 605 876 655 poeniteat.
897 605 933 642 Si
953 617 1042 653 ergo
1060 603 1117 640 vis

124 677 238 702 verus
257 666 445 715 poenitens
464 679 564 712 esse,
594 679 694 702 cessa
723 679 743 701 a
774 671 951 714 peccato,
978 672 1015 700 et
1039 663 1117 699 noli

124 724 285 774 amplius
300 737 455 774 peccare
474 740 481 761 :
497 726 676 773 quoniam
694 724 813 760 inanis
827 731 883 760 est
895 723 1116 773 poenitentia

125 795 237 831 quam
259 796 420 832 sequens
448 784 670 832 coinquinat
687 784 810 833 culpa.
842 783 973 820 Omnis
993 783 1116 820 bonus

125 841 308 879 obediens
339 842 403 879 dat
426 856 534 880 suum
570 843 690 887 velle,
722 850 759 878 et
788 855 896 878 suum
918 842 1041 888 nolle,
1075 850 1118 878 ut

125 903 243 950 possit
260 901 386 938 dicere
405 917 413 939 ε
435 905 613 938 Paratum
634 915 697 938 cor
711 916 847 945 meum,
871 905 984 946 Deus,
1001 915 1119 951 para-

125 970 199 996 tum
232 975 296 997 cor
320 975 439 998 meum
466 967 491 997 ¹.
517 965 692 998 Paratum
724 960 991 1010 quodcumque
1022 974 1120 1011 prae—

1181 366 1271 403 lium
1295 369 1526 417 Angelorum
1550 368 1597 404 ad
1622 369 1720 404 fores
1743 368 1971 404 exteriorum
1996 379 2173 403 sensuum

1181 425 1474 474 excubantium,
1497 441 1565 463 nec
1594 427 1708 463 audet
1731 427 1938 476 alienigena
1963 427 2175 475 irrumpere

1182 485 1368 522 terribiles
1388 486 1470 523 illas
1498 486 1595 522 acies
1612 514 1620 530 ‚
1647 494 1805 534 propter
1825 485 1967 522 ostiarii
1995 497 2175 521 reveren-

1183 544 1270 581 tiam
1287 574 1296 591 ,
1316 554 1352 582 et
1373 546 1604 594 Angelorum
1625 545 1845 581 custodiam.

1548 675 1723 713 CAPUT
1752 675 1802 713 V.

1369 794 1416 821 De
1442 789 1622 831 quotidiano
1648 789 1693 819 sui
1718 788 1814 830 ipsius
1836 789 1986 819 examine.

1241 902 1300 937 14.
1327 902 1556 950 Integritatis
1584 910 1655 937 tuae
1684 901 1856 937 curiosus
1885 899 2103 949 explorator
2122 901 2177 935 vi-

1186 969 1260 997 tam
1289 969 1390 997 tuam
1410 962 1449 997 in
1475 961 1698 1009 quotidiana
1729 959 1958 995 discussione
1990 959 2175 994 examina.

125 1020 270 1069 ceperis
291 1021 410 1058 facere
427 1049 436 1064 ‚
467 1028 640 1070 paratum
661 1019 709 1056 ad
735 1028 869 1056 nutum
890 1019 999 1057 citius
1025 1020 1118 1056 obe-
1138 1021 1165 1054 B
1184 1020 1348 1058 Attende
1365 1020 1563 1070 diligenter
1579 1028 1760 1069 quantum
1777 1018 1970 1068 proficias,
1986 1018 2043 1053 vel
2063 1030 2178 1066 quan-

126 1078 208 1116 dire
222 1108 231 1125 ‚
250 1089 421 1130 paratum
437 1079 503 1116 tibi
518 1093 668 1124 vacare,
687 1079 872 1128 proximis
890 1079 1117 1126 ministrare,

127 1151 187 1175 me
207 1140 328 1189 ipsum
350 1139 560 1185 custodire,
581 1147 618 1176 et
645 1139 683 1175 in
712 1138 921 1175 coelestium
945 1147 1118 1174 contem—

127 1198 294 1246 platione
311 1198 558 1248 requiescere.
578 1197 758 1234 Amabilis
775 1197 897 1233 socius
911 1226 920 1243 ‚
943 1197 1121 1234 omnibus

127 1264 184 1294 est
203 1257 415 1303 officiosus,
450 1266 488 1294 et
518 1258 611 1294 nulli
631 1269 826 1294 onerosus.
850 1255 1036 1294 Omnibus
1066 1266 1122 1294 est

128 1316 335 1364 officiosus,
354 1319 443 1368 quia
461 1318 619 1355 devotus
638 1317 685 1354 ad
705 1321 825 1354 Deum
845 1346 854 1363 ‚
872 1316 1056 1366 benignus
1075 1317 1122 1354 ad

128 1378 346 1426 proximum
361 1407 370 1424 ,
398 1378 546 1415 sobrius
567 1377 613 1414 ad
635 1377 818 1414 mundum
836 1392 845 1422 3
866 1377 1025 1413 Domini
1045 1390 1124 1413 ser-

129 1449 220 1483 vus,
252 1438 417 1488 proximi
450 1438 574 1474 socius
588 1467 596 1482 ‚
618 1437 751 1474 mundi
781 1436 969 1473 dominus.
1001 1440 1124 1485 Supe-

132 1497 231 1534 riora
255 1498 369 1535 habet
400 1498 447 1534 ad
473 1498 674 1547 gaudium,
703 1497 862 1546 aequalia
891 1497 937 1533 ad
969 1510 1125 1533 consor-

133 1557 244 1604 tium,
258 1558 438 1595 inseriora
455 1558 502 1594 ad
519 1558 726 1594 servitium.
740 1557 841 1594 Nulli
857 1565 911 1593 est
926 1563 1123 1601 onerosus,

131 1617 197 1653 sed
213 1618 390 1654 inferiora
410 1617 545 1667 redigit
558 1617 604 1654 ad
622 1617 819 1653 utilitatem
841 1617 1050 1653 mediorum
1063 1645 1072 1662 ‚
1090 1624 1127 1652 ct

131 1676 179 1712 ad
199 1677 383 1714 honorem
404 1677 644 1728 superiorum
677 1691 683 1712 :
713 1676 910 1725 superiora
941 1689 1126 1725 sequenS‚

131 1735 312 1773 inferiora
333 1737 507 1783 traliens;
539 1735 585 1772 ab
613 1737 685 1773 illis
704 1749 920 1786 possessus,
950 1736 1019 1772 ista
1040 1748 1129 1785 pos-

1188 1088 1265 1116 tum
1288 1079 1437 1116 delicias
1463 1094 1470 1116 :
1495 1080 1615 1128 qualis
1635 1078 1683 1114 sis
1714 1079 1753 1114 in
1774 1076 1965 1121 moribus,
1996 1085 2032 1112 et
2059 1076 2180 1125 qualis

1185 1139 1222 1175 in
1252 1138 1448 1175 affectibus
1467 1153 1474 1174 ε
1497 1151 1608 1187 quam
1629 1137 1758 1173 similis
1789 1137 1838 1172 sis
1858 1139 1938 1172 Deo
1953 1163 1962 1180 ,
1988 1136 2045 1170 vel
2066 1148 2180 1184 quam

1187 1199 1398 1244 dissimilis,
1420 1211 1533 1247 quam
1554 1210 1696 1247 prope,
1720 1196 1779 1232 vel
1803 1208 1914 1245 quam
1947 1195 2080 1243 longe,
2104 1207 2181 1230 non

1187 1259 1358 1295 locorum
1401 1257 1608 1294 intervallis
1622 1286 1631 1303 ,
1670 1256 1734 1292 sed
1779 1268 1926 1291 morum
1973 1253 2180 1290 affectibus.

1188 1318 1304 1355 Stude
1323 1330 1550 1367 cognoscere
1567 1324 1600 1352 te
1617 1330 1624 1351 :
1641 1329 1753 1365 quam
1772 1314 1891 1350 multo
1909 1314 2042 1350 melior
2056 1313 2183 1349 0111111-

1189 1377 1402 1414 (labiliores
1416 1406 1425 1421 ‚
1443 1378 1473 1413 si
1492 1385 1525 1413 te
1546 1376 1741 1425 cognoscis
1754 1403 1762 1419 ‚
1781 1388 1894 1424 quam
1913 1374 1941 1410 si
1965 1382 1997 1410 te
2013 1374 2182 1423 neglecto

1191 1450 1437 1486 cognosceres
1457 1450 1608 1473 cursum
1628 1435 1792 1472 siderum
1808 1464 1816 1480 ‚
1838 1435 1937 1470 vires
1957 1433 2159 1470 herbarum
2172 1461 2181 1478 ‚

1191 1496 1473 1545 complexiones
1500 1495 1696 1532 hominum
1714 1523 1724 1540 ,
1757 1502 1912 1530 naturas
1939 1493 2157 1529 animalium
2175 1521 2184 1538 ‚

1192 1564 1228 1591 et
1254 1555 1411 1592 haberes
1438 1555 1608 1591 omnium
1648 1554 1855 1590 coelestium
1884 1560 1921 1588 et
1953 1551 2185 1588 terrestrium

1193 1615 1398 1652 scientiam.
1419 1615 1549 1652 Redde
1566 1627 1656 1663 ergo
1676 1622 1710 1650 te
1728 1613 1816 1658 tibi,
1834 1621 1871 1649 et
1885 1612 1914 1648 si
1933 1625 2008 1648 non
2025 1625 2186 1662 semper,

1194 1676 1253 1712 vel
1275 1688 1394 1725 saepe;
1416 1676 1546 1712 saltem
1568 1674 1772 1711 interdum.
1791 1677 1892 1721 Rege
1915 1680 1998 1708 tuos
2016 1672 2184 1716 affectus,

1196 1734 1314 1783 dirige
1345 1743 1471 1780 actus,
1500 1735 1645 1782 corrige
1675 1745 1834 1782 gressus
1866 1735 1907 1768 In
1940 1739 1974 1766 te
2007 1730 2096 1766 1111111
2129 1744 2186 1768 re-

131 1794 269 1833 sidens.
301 1796 437 1834 Fidelis
477 1809 606 1832 servus
643 1804 699 1833 est
732 1796 771 1832 in
809 1795 1345 1844 contemplationeCmaneat
1385 1794 1722 1842 indisciplinatum.
1762 1796 1863 1829 Pone
1899 1803 2031 1827 omncs
2063 1799 2188 1827 trans-

131 1854 221 1899 Dei,
249 1863 286 1890 et
305 1854 474 1891 custodia
491 1855 559 1890 sui.
585 1854 774 1891 Custodiae
790 1867 880 1903 ergo
901 1862 972 1889 tuae
992 1853 1129 1889 adhibe

133 1914 238 1962 prius
259 1927 409 1950 omnem
433 1913 676 1962 diligentiam.
695 1913 842 1949 Deinde
868 1913 1079 1962 intelligens
1097 1921 1130 1949 te

134 1985 326 2022 nunquam
358 1986 468 2023 posse
500 1974 674 2009 sufficere
700 1973 747 2009 ad
775 1982 810 2008 te
839 1972 1130 2009 custodiendum

136 2039 198 2067 tua
233 2032 439 2077 industria,
473 2032 639 2068 divinam
681 2033 843 2082 implora
880 2033 1130 2069 clementiam.

135 2094 307 2141 Itemque
341 2091 388 2128 ad
422 2091 754 2141 contemplandam
794 2092 832 2127 in
875 2100 908 2128 te
943 2092 1131 2128 Creatoris

137 2151 190 2187 tui
210 2151 442 2188 voluntatem
467 2151 606 2188 bonam
629 2160 665 2188 et
687 2150 998 2200 beneplacentem
1019 2159 1131 2200 atque

136 2211 365 2260 perfectam,
400 2211 603 2260 angelicam
637 2224 751 2247 exora
784 2212 963 2256 tutelam,
997 2220 1130 2260 patro-

135 2271 352 2320 ciniumque
382 2270 551 2307 omnium
590 2284 676 2307 cum
703 2271 853 2308 Christo
892 2271 1129 2320 regnantium

136 2342 250 2379 super
285 2338 320 2366 te
350 2342 451 2379 roga.
484 2332 601 2367 Curre
631 2342 699 2378 per
737 2329 926 2378 singulos,
962 2329 1130 2378 supplica

136 2389 309 2438 singulis,
330 2397 368 2426 et
387 2389 497 2426 simul
515 2387 692 2425 omnibus
708 2389 828 2424 clama
848 2397 885 2425 et
905 2388 964 2424 dic
985 2402 993 2423 :
1016 2390 1132 2423 Alisc-

137 2454 271 2484 remini
290 2454 383 2493 mei,
404 2453 634 2485 miseremini
654 2453 738 2493 mei,
759 2453 891 2485 saltem
911 2462 976 2484 vos
989 2477 997 2492 ,
1019 2452 1134 2483 amici

139 2512 210 2543 mei
225 2514 250 2544 ².
271 2508 441 2557 Recipite
464 2508 661 2556 fugitivum
680 2516 845 2544 vestrum
863 2537 872 2553 ,
895 2507 958 2543 sed
978 2507 1134 2544 fratrue-

1196 1855 1407 1903 gressiones
1429 1863 1510 1890 tuas
1528 1862 1613 1890 ante
1631 1852 1762 1888 oculos
1784 1860 1881 1887 tuos.
1904 1853 2031 1887 Statue
2051 1858 2084 1885 te
2103 1858 2190 1886 ante

1198 1922 1256 1959 te,
1295 1922 1473 1963 tanquam
1504 1922 1590 1950 ante
1619 1913 1756 1957 alium3
1793 1919 1829 1947 et
1864 1911 1915 1946 sic
1949 1909 2189 1959 temetipsum

1197 1975 1345 2022 plange.
1382 1974 1490 2010 Plora
1521 1973 1736 2021 iniquitates
1766 1979 1802 2006 et
1834 1978 1985 2019 peccata
2004 1997 2013 2013 ,
2054 1968 2192 2018 quibus

1198 2035 1318 2068 Deum
1337 2031 1529 2068 offendisti
1547 2046 1554 2067 ;
1574 2030 1697 2067 indica
1712 2030 1744 2066 ei
1764 2028 1930 2065 miserias
1946 2036 2046 2072 tuaS,
2063 2036 2191 2064 osten-

1198 2091 1244 2127 de
1275 2092 1327 2127 illi
1356 2091 1533 2127 malitiam
1558 2089 1861 2126 adversariorum
1885 2095 2048 2122 tuorum.
2076 2089 2192 2123 Cum-

1196 2163 1270 2199 que
1288 2163 1413 2185 coram
1434 2163 1478 2185 eo
1501 2150 1537 2185 in
1560 2148 1736 2196 lacrymis
1757 2155 1791 2182 te
1813 2145 2081 2190 maceraveris,
2104 2159 2192 2195 pre-

1197 2223 1263 2246 cor
1285 2218 1319 2245 te
1342 2217 1382 2245 ut
1406 2222 1551 2245 memor
1571 2208 1620 2244 sis
1642 2208 1725 2243 mei.

1255 2270 1311 2304 15.
1332 2271 1408 2317 Ego
1428 2268 1527 2304 enim
1551 2280 1597 2303 ex
1622 2279 1699 2315 quo
1717 2265 1878 2314 cognovi
1901 2273 1935 2301 te
1954 2292 1963 2308 ,
1985 2264 2022 2300 in
2045 2263 2193 2301 Christo

1198 2327 1312 2376 diligo
1337 2336 1397 2372 te3
1420 2335 1456 2363 ct
1490 2327 1577 2363 illuc
1609 2326 1841 2361 mentionem
1879 2325 1931 2360 tui
1957 2323 2106 2370 defero,
2129 2324 2194 2361 ubi

1199 2395 1235 2423 et
1255 2386 1383 2422 illicita
1402 2385 1580 2435 cogitatio
1601 2385 1853 2434 supplicium,
1874 2392 1911 2419 et
1931 2383 2087 2419 honesta
2109 2397 2195 2433 pro-

1201 2455 1367 2483 meretur
1385 2445 1597 2496 praemium.
1622 2445 1679 2482 Ad
1698 2445 1813 2481 altare
1841 2456 2003 2492 namque
2024 2444 2091 2480 Dei
2111 2457 2196 2480 cum

1201 2515 1378 2557 peccator
1406 2515 1485 2552 sto,
1510 2506 1573 2541 sed
1606 2505 1804 2550 sacerdos,
1828 2505 1879 2540 tui
1911 2518 1969 2540 me
1995 2504 2197 2541 comitatur

140 2567 236 2612 lem,
259 2567 323 2603 sed
349 2568 670 2616 consanguineum
702 2568 737 2603 in
763 2567 944 2616 sanguine
970 2566 1135 2604 Redem-
1155 2572 1187 2605 D
1204 2567 1398 2603 memoria.
1427 2570 1481 2602 Tu
1504 2579 1595 2601 vero
1628 2565 1718 2600 1111111
1750 2565 1868 2599 vicem
1897 2563 2052 2608 reddes,
2074 2564 2102 2600 si
2139 2578 2197 2600 me

140 2626 272 2676 ptoris.
306 2630 359 2663 En
382 2639 526 2676 pauper
558 2635 630 2662 stat
662 2626 709 2662 ad
739 2627 875 2663 ostium
894 2655 903 2672 ‚
931 2627 1066 2662 clamat
1098 2634 1134 2663 et

141 2686 275 2735 pulsat.
291 2686 441 2735 Aperite
455 2686 636 2735 pulsanti,
651 2694 687 2722 et
701 2685 900 2722 conducite
915 2698 999 2721 eum
1015 2699 1135 2734 usque

141 2745 187 2781 ad
208 2748 346 2795 Regem
366 2759 373 2781 :
397 2754 438 2781 ut
466 2753 676 2794 prostratus
703 2758 828 2781 coram
849 2758 894 2781 eo
915 2744 1078 2781 indicem
1099 2745 1133 2781 ei

141 2817 273 2841 omnes
300 2805 465 2841 miserias
483 2813 520 2841 et
536 2817 667 2840 omnes
697 2804 934 2840 necessitates
950 2817 1043 2853 quas
1064 2817 1133 2854 pa-

144 2864 230 2900 tior.
251 2863 307 2900 Ad
325 2873 536 2901 extremum
557 2877 648 2901 vero
669 2864 827 2901 Praelato
850 2871 914 2899 tuo
933 2877 999 2899 eor
1026 2872 1131 2899 11111111

142 2923 349 2959 cumomni
379 2924 558 2973 progenie
577 2923 810 2973 reconsigna.
838 2923 989 2960 Nullum
1021 2923 1057 2958 in
1089 2936 1133 2958 co

143 2991 334 3019 remaneat
347 2992 563 3033 peccatum,
578 2983 680 3033 quod
697 2996 773 3019 non
791 2996 886 3033 pura
900 2982 1136 3019 confessione

146 3036 324 3078 deleatur.
338 3045 465 3079 Jesum
481 3043 670 3080 Christum
686 3044 798 3080 etiam
816 3056 931 3092 super
947 3056 1012 3078 cor
1032 3051 1135 3078 11111111

145 3096 242 3133 Sicut
255 3096 485 3145 signaculum
502 3116 616 3152 pone.
637 3106 730 3141 Cum
750 3103 850 3139 enim
870 3102 1039 3139 Christus
1057 3115 1137 3138 cor-

145 3155 202 3193 dis
221 3156 358 3193 ostium
379 3163 562 3206 custodit,
583 3172 620 3200 et
647 3172 703 3200 est
723 3162 848 3200 cordis
872 3161 1046 3197 ostiarius
1060 3190 1069 3207 ,
1098 3170 1137 3197 111

198 3289 205 3303 ¹
227 3283 305 3314 Psal.
323 3295 390 3314 cvii
407 3309 414 3322 ,
437 3289 466 3317 2.
485 3305 522 3310 -
553 3292 564 3307 ²
582 3287 643 3318 Job
671 3300 727 3317 xix
743 3312 750 3325 ,
770 3293 821 3319 Ἡ.

305 3355 378 3377 ΤΟΜ
387 3370 393 3378 .
427 3356 461 3378 V.

1200 2627 1384 2664 amaveris
1404 2655 1413 2670 ‚
1453 2633 1490 2661 et
1528 2625 1744 2660 orationum
1784 2632 1932 2658 tuarum
1973 2623 2195 2672 participem

1203 2686 1344 2723 feceris.
1376 2684 1432 2721 Ibi
1466 2683 1727 2719 recordatione
1763 2690 1884 2717 tecum
1916 2693 1996 2716 esse
2031 2695 2196 2730 praesens

1201 2745 1387 2789 desidero,
1408 2742 1470 2779 ubi
1488 2756 1557 2792 pro
1579 2751 1612 2778 te
1633 2750 1669 2778 et
1689 2741 1760 2777 tuis
1779 2739 2024 2776 familiaribus
2040 2741 2195 2778 devotas

1202 2819 1330 2855 preces
1352 2816 1478 2840 coram
1502 2806 1580 2838 Deo
1603 2801 1739 2837 fundis.
1758 2804 1832 2837 Nee
1854 2800 2020 2844 mireris,
2042 2801 2071 2836 si
2097 2801 2195 2846 dixi,

1202 2869 1368 2901 Fra-sens
1390 2877 1397 2898 ;
1417 2861 1596 2910 quoniam
1619 2861 1647 2896 si
1669 2874 1727 2896 ine
1747 2873 1871 2903 amas,
1895 2867 1931 2895 ct
1960 2859 2045 2895 ideo
2069 2873 2169 2896 amas
2184 2889 2192 2904 ‚

1201 2925 1288 2974 quia
1315 2924 1436 2970 imago
1461 2921 1526 2957 Dei
1548 2934 1655 2965 suni;
1684 2920 1731 2955 ita
1752 2918 1815 2955 tibi
1839 2932 2003 2968 111-050115
2024 2932 2104 2956 sum
2124 2949 2133 2964 ‚
2157 2929 2196 2957 ut

1203 2992 1241 3019 111
1263 2983 1342 3031 ipse
1372 2981 1451 3017 tibi.
1472 2979 1664 3028 Quidquid
1693 2979 1793 3015 enim
1817 2987 1854 3014 tu
1876 2991 1914 3014 es
1938 2978 2194 3015 substantiali·

1204 3051 1278 3086 ter,
1303 3042 1373 3076 lioc
1406 3054 1475 3089 ego
1503 3053 1597 3075 snm.
1620 3042 1748 3087 Imago
1768 3039 1867 3074 enim
1891 3039 1958 3074 Dei
1991 3048 2045 3074 est
2075 3041 2198 3074 omnis

1203 3102 1325 3138 anima
1349 3100 1551 3136 rationalis.
1582 3098 1745 3136 Proinde
1766 3098 1830 3146 qui
1862 3098 1897 3133 111
1929 3111 1966 3133 se
1999 3098 2196 3145 imaginem

1209 3161 1275 3197 tivi
1305 3160 1436 3208 quierit
1455 3189 1463 3205 ,
1489 3168 1561 3195 tam
1585 3159 1801 3207 proximum
1823 3170 1934 3205 quam
1968 3170 2005 3192 se
2035 3158 2166 3205 qumrit
2191 3173 2197 3192 :

1967 3340 1987 3374 Ιό

1995 3341 2014 3374 Ιῷ
