2418 3949
132 208 202 244 921
887 212 951 245 DE
981 210 1211 247 PASSIONE
1240 211 1430 245 DOMINI.
2106 213 2181 250 922

1138 285 1184 304 ⁴⁵⁷
1196 293 1307 322 tatem
1319 295 1357 322 et
1371 287 1636 324 misericordiae
1653 290 1952 339 compassionem
1968 292 2184 340 persuadet,

1139 350 1168 382 A
1188 345 1417 381 occidendus
1444 355 1499 383 est
1527 356 1720 396 unguento
1742 349 1940 387 dominicae
1969 352 2187 399 sententiae,

446 351 623 390 CAPUT
657 351 806 389 XXIII.

130 473 178 502 De
197 471 352 502 vermibus
368 472 421 512 qui
442 472 612 503 corrodunt
631 478 775 503 truncum
787 496 794 510 ‚
811 471 842 502 id
863 477 905 502 est
921 496 928 509 ,
949 471 1037 502 malis
1058 482 1125 512 sug-

214 525 404 566 gestionibus
419 525 537 557 bonum
553 526 746 568 propositum
764 525 1045 568 corrumpentibus.

188 645 247 681 76.
269 648 423 682 Vermes
442 653 614 681 truncum
641 645 731 682 boni
752 645 938 694 propositi
959 657 1127 680 corrum-

133 713 283 754 pentes,
311 712 399 740 sunt
428 705 652 741 tentationes
682 705 912 749 intrinsecae,
937 717 1021 752 quae
1043 711 1127 739 tan-

135 772 173 800 to
195 764 396 800 viciniores
426 771 533 807 sunt,
565 772 707 811 quanto
729 763 1009 808 familiariores,
1030 775 1127 811 saepc

135 821 204 858 sub
220 821 312 858 boni
329 821 453 870 specie
471 820 612 857 bonum
629 822 866 870 propositum
883 833 1126 870 corrumpen-

134 889 199 917 tes.
225 883 291 916 Est
309 880 408 916 enim
429 880 564 928 aliquis
588 881 653 928 qui
673 880 719 916 de
748 880 858 917 bonae
889 881 1145 930 cogitationis.

132 938 278 984 radice,
298 937 389 974 boni
407 939 594 988 propositi
622 947 796 975 truncum
822 940 957 975 emisit.
978 943 1127 989 Propo-

132 998 186 1034 nit
207 998 334 1034 omnia
359 1011 443 1047 quae
464 997 597 1034 mundi
624 1006 713 1034 sunt
737 998 969 1047 relinquere,
993 1007 1035 1034 ut
1059 1012 1130 1034 nu-

1190 404 1348 441 dicentis
1372 419 1380 440 :
1401 408 1442 441 Sc·
1461 411 1544 453 quis
1560 412 1664 443 venit
1683 410 1736 444 ad
1760 423 1839 454 me,
1862 419 1897 445 et
1929 424 2001 446 non
2025 413 2105 446 odit
2119 425 2194 459 pa-

1189 472 1279 499 trem
1301 472 1336 499 et
1354 472 1509 500 matrem
1523 493 1535 509 ,
1554 475 1590 500 et
1608 479 1762 502 uxorem
1784 469 1930 514 elfilios
1941 498 1952 514 ,
1979 479 2014 505 et
2023 468 2168 516 fratres
2177 498 2189 515 ,

1191 530 1228 556 et
1243 535 1406 566 sorores,
1431 524 1554 559 adhuc
1574 533 1698 560 aulem
1719 534 1753 560 et
1774 530 1938 562 animam
1967 541 2072 562 sacrm
2082 557 2093 572 ,
2117 542 2190 563 non

1191 589 1246 615 est
1274 584 1493 629 mesligmcs
1518 589 1541 618 ¹.
1568 583 1737 630 Qualiter
1767 593 1891 621 autem
1923 585 2123 635 diligendi,
2154 595 2192 623 et

1192 640 1353 688 qualiter
1382 640 1558 687 odiendi,
1592 654 1661 690 per
1690 655 1822 679 vaccas
1854 645 2044 682 trahentes
2081 647 2194 696 plau-

1191 707 1309 734 strum
1330 711 1415 734 cum
1437 712 1522 735 arca
1542 700 1695 736 Domini
1718 702 1972 750 perdocemur
1998 719 2006 741 z
2034 718 2194 754 quarum

1192 757 1299 793 vituli
1320 757 1409 793 dum
1430 767 1554 794 essent
1575 759 1710 795 reclusi
1734 760 1857 805 domi,
1880 762 1971 811 ipsae
1993 776 2114 800 vaccae
2136 778 2196 800 ar-

1193 831 1273 854 cam
1302 826 1490 866 gestantes
1511 826 1547 854 et
1568 827 1671 854 recto
1700 819 1833 855 itinere
1855 831 2053 870 pergentes
2080 823 2195 860 Beth-

1193 890 1313 913 sames
1325 907 1334 923 ,
1351 890 1435 913 cum
1455 877 1629 913 audirent
1646 891 1758 915 voces
1774 879 1993 927 vitulorum,
2012 882 2198 919 dederunt

1194 936 1347 985 quidem
1369 937 1553 985 mugitum
1569 966 1578 983 ,
1596 938 1660 985 qui
1682 946 1763 988 erat
1784 939 1930 988 signum
1953 942 2132 977 naturalis
2145 942 2200 977 as-

1196 997 1330 1042 fectus;
1347 1009 1414 1032 nec
1427 1005 1549 1032 tamen
1567 1010 1605 1033 se
1620 996 1666 1034 ab
1681 1006 1833 1047 arrepto
1849 1000 1961 1035 semel
1979 1000 2115 1037 itinere
2133 1001 2198 1038 de-

132 1059 201 1095 dus
227 1058 414 1095 Christum
450 1057 593 1094 nudum
624 1066 826 1107 sequatur3
858 1058 923 1094 sed
962 1058 1127 1094 nascitur
1148 1057 1172 1090 B
1195 1056 1383 1092 flexerunt
1406 1062 1431 1092 ².
1456 1059 1511 1092 Tu
1531 1069 1622 1092 vero
1645 1057 1674 1093 si
1692 1056 1769 1105 jam
1796 1066 1925 1106 portas
1946 1060 2023 1096 sive
2048 1061 2197 1109 profes-

132 1116 356 1153 intrinsecus
378 1116 516 1152 vermis
544 1129 670 1166 pravae
706 1117 953 1166 suggestionis
968 1145 977 1162 ‚
1000 1116 1126 1153 dicens

132 1176 182 1212 ita
204 1190 213 1211 t
235 1175 409 1212 Indotata
430 1175 496 1212 tihi
518 1188 627 1212 soror
643 1184 720 1222 est,
742 1176 973 1226 paupercula
994 1184 1126 1223 maten-3

132 1243 220 1271 sunt
242 1235 408 1272 fortassis
426 1235 576 1280 fratres,
600 1235 658 1271 vel
677 1235 761 1280 filii,
778 1235 855 1271 sive
872 1235 934 1271 alii
952 1235 1127 1283 quicum-

132 1306 205 1342 que
226 1293 358 1340 amici,
379 1294 431 1330 rei
451 1294 641 1331 familiaris
662 1294 789 1343 inopia
810 1293 1045 1338 laborantes,
1064 1294 1129 1342 qui

134 1352 181 1389 de
201 1361 237 1389 te
257 1353 340 1389 solo
357 1353 549 1403 pendent,
574 1361 609 1389 te
630 1366 748 1389 unum
774 1353 981 1402 respiciunt
1003 1367 1010 1388 :
1034 1365 1130 1401 quos

133 1412 163 1448 si
185 1412 385 1461 reliqueris
399 1441 408 1458 ,
432 1422 496 1449 aut
516 1412 787 1449 mendicabunt
810 1413 992 1461 turpiter,
1015 1412 1130 1447 nimi-

134 1485 218 1508 rum
249 1472 285 1507 in
316 1471 368 1508 tui
395 1472 543 1521 generis
573 1471 847 1521 opprobrium,
878 1479 943 1507 aut
972 1470 1130 1516 furtive,

131 1530 191 1566 vel
208 1530 392 1566 violenter
415 1539 515 1567 certe
537 1531 685 1580 rapient
702 1531 843 1576 aliena,
864 1538 902 1566 et
921 1530 973 1565 sic
993 1528 1031 1564 in
1048 1542 1132 1565 eor-

135 1601 228 1638 pore
254 1589 363 1625 simul
390 1598 427 1625 et
456 1590 492 1626 in
514 1590 638 1626 anima
664 1589 858 1639 peribunt.
883 1589 994 1637 Quod
1016 1589 1046 1625 si
1068 1596 1128 1634 tu,

135 1649 201 1697 qui
226 1649 281 1685 his
304 1649 446 1699 poteris
475 1648 678 1686 subvenire
705 1649 894 1685 manendo
916 1649 954 1684 in
983 1660 1131 1698 posses-

135 1709 240 1744 sione
259 1716 339 1760 tua,
362 1708 429 1744 lios
446 1709 484 1744 in
505 1717 609 1745 certo
627 1708 798 1758 periculo
817 1708 1010 1756 reliquisse
1025 1706 1132 1742 vide-

135 1766 235 1803 beris
248 1795 257 1812 ,
276 1775 313 1803 et
334 1767 511 1804 clausisse
532 1768 674 1804 viscera
695 1776 758 1804 tua
775 1767 821 1804 ab
838 1768 891 1804 eis
906 1796 915 1814 ,
937 1766 1131 1816 quomodo

1193 1115 1299 1152 sione
1320 1124 1450 1165 aperta
1469 1124 1505 1152 et
1525 1116 1703 1162 solemni,
1724 1117 1802 1153 sive
1821 1119 1968 1154 occulto
1991 1121 2190 1168 proposito

1189 1174 1321 1224 jugum
1345 1175 1520 1220 Domini,
1548 1175 1585 1211 id
1611 1184 1689 1220 est,
1714 1177 1895 1225 Regulam
1918 1190 2196 1228 quamcumque

1193 1248 1262 1284 per
1293 1236 1472 1285 Spiritum
1501 1244 1671 1271 sanctum
1706 1250 1725 1272 a
1753 1236 1928 1274 Patribus
1960 1238 2195 1284 institutam3

1195 1295 1224 1332 si
1247 1304 1281 1331 te
1306 1295 1575 1344 praedictorum
1604 1296 1791 1332 vermium
1820 1298 2079 1347 suggestiones
2104 1300 2200 1335 inci-

1195 1355 1306 1404 piunt
1325 1355 1551 1400 corrodere,
1573 1355 1719 1391 imitare
1740 1369 1870 1392 vaccas
1901 1357 2193 1407 Allophylorum

1197 1423 1391 1464 portantes
1419 1427 1542 1450 arcam
1566 1414 1717 1450 Domini
1742 1429 1749 1450 ε
1774 1414 1889 1451 redde
1912 1418 2095 1465 mugitum
2113 1446 2123 1464 ,
2156 1418 2194 1454 id

1196 1483 1252 1511 est
1271 1475 1418 1523 signum
1441 1475 1618 1518 affectus,
1641 1474 1713 1510 hoe
1733 1483 1810 1519 est,
1835 1475 2013 1521 condole,
2035 1490 2197 1527 compa-

1199 1543 1290 1579 tere,
1310 1535 1506 1570 consolare
1523 1547 1587 1569 eos
1603 1534 1667 1582 qui
1683 1535 1842 1570 naturali
1859 1548 1988 1572 amore
2005 1536 2199 1585 conjuncti

1198 1602 1304 1639 sunt,
1321 1593 1439 1629 nihilo
1457 1602 1579 1629 tamen
1600 1594 1724 1629 minus
1737 1607 1845 1630 serva
1863 1595 1959 1630 viam
1976 1595 2195 1645 incoeptam,

1197 1653 1268 1688 hoc
1289 1661 1368 1697 est,
1402 1653 1541 1702 pertice
1563 1652 1705 1688 bonum
1732 1654 1969 1703 propositum
1999 1655 2196 1704 dirigendo

1198 1711 1313 1761 pedes
1344 1719 1427 1747 tuos
1453 1724 1583 1748 versus
1609 1712 1843 1756 Bethsames,
1874 1726 2003 1750 versus
2031 1718 2196 1752 Domum

1199 1770 1308 1816 solis,
1340 1770 1411 1806 hoc
1437 1778 1515 1815 est,
1547 1769 1593 1805 ad
1624 1770 1809 1806 coelestem
1842 1773 2020 1820 patriam,
2050 1773 2115 1810 ubi
2142 1783 2198 1811 est

135 1825 297 1862 charitas
323 1826 393 1862 Dei
422 1835 548 1863 manet
573 1827 610 1862 in
642 1828 703 1863 te?
729 1831 827 1875 Ergo
856 1835 898 1862 ut
924 1839 1074 1862 mancas
1094 1825 1132 1861 in
1150 1834 1176 1869 C
1196 1843 1342 1866 summa
1362 1837 1398 1865 et
1424 1829 1630 1878 spiritualis
1655 1829 1837 1866 habitatio
1865 1832 1953 1867 solis
1975 1834 2093 1869 nostri
2120 1837 2198 1871 Do-

136 1885 339 1931 charitate,
370 1899 478 1923 mane
505 1900 591 1923 cum
619 1887 710 1933 illis;
741 1887 828 1935 quia
847 1886 926 1923 sine
954 1886 1133 1922 charitate

136 1945 228 1981 nihil
256 1945 425 1995 proderit
450 1946 538 1992 tibi,
561 1947 746 1996 quidquid
765 1960 863 1997 agas.
885 1946 996 1993 Quod
1015 1946 1042 1982 si
1067 1944 1132 1981 tibi

136 2005 247 2041 etiam
270 2005 488 2055 prodesset,
511 2007 644 2043 melius
671 2015 795 2042 tamen
815 2014 912 2043 esset
933 2014 972 2041 ut
994 2005 1133 2041 multos

138 2073 260 2102 tecum
278 2094 287 2111 ,
309 2079 420 2115 quam
437 2067 557 2103 solum
577 2076 611 2103 te
627 2080 810 2103 servares.
827 2066 1018 2116 Numquid
1036 2078 1134 2115 prse-

138 2133 289 2174 ceptum
317 2134 372 2161 est
400 2126 538 2163 alieubi
567 2141 588 2163 a
620 2127 806 2172 Domino,
841 2126 1022 2162 mundum
1051 2139 1135 2161 om-

138 2184 229 2220 nino
249 2183 296 2220 ab
315 2185 493 2223 omnibus
515 2187 705 2236 relinqui?
726 2187 826 2235 Quin
846 2194 883 2222 et
903 2186 1018 2235 magis
1038 2199 1134 2235 ope-

137 2242 241 2279 ribus
267 2244 534 2282 misericordiae
563 2245 936 2282 commendabuntur
965 2245 1071 2281 electi
1101 2253 1138 2281 et

137 2301 306 2338 salvandi
337 2303 375 2339 in
406 2304 567 2341 extremi
597 2305 779 2341 examinis
811 2305 883 2341 die.
916 2304 1014 2352 Quid
1047 2316 1137 2352 ergo

137 2360 275 2409 quaeris
294 2369 399 2398 extra
420 2363 603 2399 mundum
618 2392 628 2409 ,
655 2363 758 2412 quod
781 2363 819 2399 in
842 2363 985 2399 mundo
1004 2363 1136 2399 melius

138 2418 276 2456 habere
298 2421 441 2470 poteris
466 2431 503 2458 et
526 2423 719 2459 securius?
748 2422 952 2459 Adduntur
972 2422 1028 2458 his
1049 2435 1137 2458 ver-

139 2477 263 2516 mibus
286 2480 348 2516 alii
370 2494 518 2518 vermes
543 2482 748 2528 mortiferi,
771 2482 912 2519 scilicet
938 2482 1138 2518 difficultas

140 2538 394 2576 claustralium
419 2550 697 2591 praeceptorum
713 2569 722 2585 ,
750 2550 787 2578 et
813 2541 918 2591 quod
944 2541 1066 2590 major
1085 2550 1140 2578 est

1200 1891 1292 1926 mini
1309 1893 1395 1927 Jesu
1408 1918 1417 1935 ,
1439 1890 1503 1938 qui
1520 1898 1575 1927 est
1595 1891 1648 1926 sol
1667 1889 1845 1938 justitiae,
1862 1893 1926 1941 qui
1948 1893 1983 1928 in
2002 1894 2062 1930 illa
2081 1894 2196 1931 domo

1199 1950 1298 1985 lucet
1319 1949 1356 1984 in
1385 1949 1523 1985 virtute
1543 1962 1631 1995 sua,
1652 1949 1824 1986 habitans
1846 1952 1966 1988 lucem
1994 1953 2196 1991 inaccessi-

1201 2009 1329 2045 bilem.
1351 2009 1409 2046 Sic
1430 2017 1517 2046 sunt
1537 2009 1690 2045 odiendi
1707 2011 1836 2056 amici,
1858 2020 1897 2047 ut
1916 2012 2073 2050 affectus
2093 2028 2195 2051 amo-

1202 2069 1251 2104 ris
1280 2081 1367 2117 erga
1390 2068 1473 2104 illos
1495 2077 1742 2105 conservetur
1763 2083 1768 2104 :
1794 2070 1846 2106 sic
1866 2079 1954 2106 sunt
1974 2080 2009 2107 et
2029 2073 2195 2119 amandi,

1202 2136 1243 2163 ut
1260 2139 1391 2163 eorum
1409 2140 1516 2162 amor
1537 2140 1774 2176 nequaquam
1794 2129 1912 2164 amori
1932 2130 1999 2165 Dei
2020 2131 2200 2179 praefera-

1204 2196 1277 2223 tur.
1302 2190 1383 2223 Imo
1405 2199 1472 2221 nec
1498 2187 1632 2222 animae
1652 2195 1788 2223 nostrae
1815 2189 2056 2225 commodum
2078 2191 2198 2226 amori

1203 2246 1301 2282 illius
1331 2245 1510 2294 praeserrc
1535 2245 1718 2282 debemus
1747 2261 1755 2282 ε
1783 2247 1847 2283 sed
1877 2256 2053 2297 tanquam
2078 2250 2201 2286 odisse

1202 2306 1347 2342 animas
1368 2313 1515 2341 nostras
1534 2305 1737 2354 affligendo
1755 2306 1835 2343 illas
1853 2306 2023 2356 jejuniis,
2048 2309 2200 2359 vigiliis,

1203 2363 1530 2413 castigationibus,
1549 2372 1589 2400 ut
1605 2364 1809 2402 doceamus
1823 2380 1884 2402 eas
1898 2367 2098 2404 dominicis
2114 2369 2204 2405 obe-

1204 2424 1283 2459 dire
1311 2423 1522 2473 praeceptis.
1553 2425 1626 2459 Eos
1655 2436 1811 2473 quoque
1839 2437 2003 2473 quorum
2034 2426 2203 2476 inopiam

1203 2484 1361 2532 implere
1375 2495 1570 2532 possemus
1584 2482 1621 2518 in
1637 2483 1774 2519 saeculo
1789 2485 2063 2533 permanemlo,
2083 2485 2204 2522 eidem

1205 2541 1557 2579 commendabimus
1575 2543 1880 2584 conservandos,
1900 2544 1965 2592 qui
1983 2554 2037 2581 est
2054 2549 2133 2582 Rex
2153 2560 2209 2582 re-

141 2610 247 2633 casus
261 2627 270 2644 ,
291 2598 356 2635 ubi
379 2600 490 2636 altior
510 2601 669 2649 gradus;
690 2601 861 2638 ciborum
880 2602 1042 2651 parcitas
1056 2629 1065 2646 ‚
1084 2601 1139 2651 jc·
1154 2611 1186 2644 D
1206 2615 1309 2651 guni,
1330 2610 1365 2636 et
1381 2601 1485 2637 dives
1502 2601 1538 2636 in
1555 2614 1687 2637 omnes
1705 2602 1767 2650 qui
1786 2602 1965 2638 invocant
1979 2617 2079 2649 eum,
2097 2619 2207 2641 oran-

137 2655 265 2705 junia‚
292 2658 452 2707 vigiliae,
474 2659 724 2697 intolerabilis
751 2661 858 2697 labor
879 2662 959 2698 sine
984 2663 1138 2711 requie,

143 2716 282 2753 duritia
308 2718 513 2764 lectorum,
542 2719 682 2756 laboris
711 2720 926 2766 assiduitas,
957 2730 993 2757 et
1023 2734 1138 2771 super

143 2776 270 2812 onmia
295 2777 575 2815 abrenuntiatio
603 2781 768 2829 propriae
796 2781 1024 2826 voluntatis,
1052 2795 1136 2818 eum

144 2835 313 2884 periculo
331 2837 508 2874 salsorum
527 2839 683 2875 fratrum
700 2868 709 2884 ,
729 2840 865 2876 duritia
882 2841 1136 2890 praelatorum.

145 2895 282 2943 Ecquis
301 2895 429 2932 onmia
446 2896 707 2934 enumerabit?
734 2898 1035 2935 Innumerabiles
1054 2907 1141 2935 sunt

145 2954 185 2989 hi
208 2966 354 2991 vermes
375 2957 621 3004 pessimarum
641 2959 947 3007 suggestionum,
967 2968 1139 2997 truncum

146 3012 237 3048 boni
257 3015 442 3063 propositi
463 3017 681 3066 gravissime
701 3019 958 3055 corrodentes.
977 3019 1141 3056 Omnino

147 3071 396 3109 resistendum
425 3083 479 3110 est
500 3075 555 3111 his
579 3077 794 3123 vermibus,
815 3078 998 3123 omnino,
1025 3087 1060 3114 et
1081 3092 1141 3114 sa-

147 3142 294 3166 crarum
312 3133 588 3182 Scripturarum
611 3136 820 3172 rationibus
838 3145 925 3172 sunt
940 3137 1136 3172 enecandi.

203 3187 263 3224 77.
291 3191 435 3227 Vermis
456 3192 569 3242 igitur
588 3194 651 3242 qui
675 3194 876 3231 indiscrete
895 3195 989 3232 adeo
1013 3195 1139 3231 ellari--

200 3323 207 3338 ¹
227 3321 299 3348 Luc.
318 3328 388 3355 xiv,
409 3322 461 3349 2⁴3.
483 3338 525 3341 -—
543 3323 745 3360 ²1Rvg.w,
771 3325 882 3352 10-1'2.

1206 2671 1260 2698 tes
1290 2669 1329 2697 ut
1358 2673 1489 2696 eorum
1529 2668 1665 2695 statum
1701 2661 1750 2696 ita
1778 2660 1983 2710 gubernet,
2014 2663 2108 2699 sicut
2140 2665 2207 2700 scit

1204 2735 1336 2758 eorum
1355 2720 1465 2756 saluti
1490 2719 1682 2768 expedire.

1260 2781 1514 2816 78.Cae101·u=n
1536 2791 1682 2815 vermes
1698 2788 1940 2828 suggerentes
1955 2782 2210 2819 austeritatem

1208 2841 1293 2876 vitae
1315 2838 1518 2888 regularis,
1550 2838 1731 2874 velociter
1764 2839 2022 2885 necabuntur,
2051 2842 2078 2877 si
2107 2855 2211 2879 men-

1211 2909 1283 2936 tem
1321 2907 1486 2934 nostram
1519 2898 1691 2946 myrrha,
1722 2898 1758 2933 id
1783 2908 1837 2934 est
1865 2901 2116 2938 anuu·itu‹line
2143 2903 2211 2938 do-

1210 2959 1356 2995 mimica»
1380 2957 1588 3006 passionis,
1623 2958 1880 2994 curaverimus
1913 2959 2094 3008 inungere
2112 2991 2121 3006 ,
2150 2963 2210 2998 eui

1208 3017 1393 3067 quidquid
1413 3017 1485 3065 pati
1510 3017 1744 3065 potuerimus
1764 3028 2046 3067 comparatum,
2067 3030 2130 3057 aut
2148 3035 2210 3070 pa-

1210 3090 1314 3121 rum,
1336 3084 1397 3111 aut
1421 3076 1511 3111 nihil
1532 3076 1671 3124 poterit
1695 3077 1886 3113 aestimari.
1914 3081 2007 3114 Sunt
2031 3089 2153 3117 autem
2171 3082 2207 3117 hi

1210 3149 1357 3172 vermes
1381 3136 1541 3171 maxime
1564 3137 1770 3185 importuni
1793 3139 1990 3187 proposito
2017 3141 2184 3189 virginali
2202 3172 2209 3182 ,

1209 3210 1254 3231 eo
1273 3195 1375 3246 quod
1395 3195 1571 3245 magister
1590 3197 1772 3233 vermium
1793 3198 2021 3242 Beelzebub,
2043 3201 2106 3248 qui
2131 3202 2209 3251 pri—
