2418 3949
185 238 258 274 997

182 323 238 361 et,
258 315 287 351 si
309 315 424 365 magis
443 316 586 365 placet,
607 322 784 351 mustum.
802 316 890 350 Mox
906 314 1004 350 enim
1020 321 1173 363 accepto

936 239 1001 272 DE
1030 235 1258 272 PASSIONE
1288 238 1476 274 DOMINI.

1187 312 1233 330 ⁴98
1267 314 1273 320 '

2151 241 2226 277 998

1245 327 1406 361 riamus,
1428 316 1567 352 scilicet
1591 328 1655 351 vas
1674 316 1907 361 intellectus,
1930 330 2004 353 non
2027 317 2226 365 habemus3

181 374 229 411 ab
256 376 448 424 Apostolis
468 383 505 411 et
530 374 610 411 aliis
637 374 702 423 qui
722 387 806 410 cum
833 374 886 410 eis
905 382 1011 410 erant
1037 385 1172 422 exspe—
1190 374 1221 407 A
1237 386 1431 411 curramus
1453 388 1536 411 cum
1557 375 1668 424 plena
1686 375 1819 412 fiducia
1840 375 1885 412 ad
1907 377 2134 425 singularem
2154 392 2227 415 no—

181 434 391 480 ctantibus,
422 434 563 484 Spiritu
590 441 720 469 sancto
745 431 921 469 inebriati
946 440 1059 477 sunt,
1086 444 1173 468 eru—

181 502 381 530 ctaverunt
406 492 564 530 verbum
586 492 750 538 bonum,
783 491 1036 541 loquebantur
1063 491 1173 528 variis

182 553 318 603 linguis
347 553 531 603 magnalia
555 552 638 589 Dei.
665 557 762 590 Ante
787 552 922 587 timore
942 549 1170 596 absconditi,

182 627 284 651 nunc
319 621 569 651 cucurrerunt
593 613 692 649 foras
718 627 726 648 :
753 625 828 649 non
859 611 937 660 jam
966 611 1173 647 timuerunt

181 686 316 722 aquam
344 673 478 724 populi
510 672 725 718 frementis,
753 671 943 708 charitatis
969 671 1055 720 igne
1084 682 1168 706 suc-

181 734 295 770 censi.
313 737 418 770 Tunc
438 745 509 782 pro
530 741 633 768 certo
657 731 895 782 experientes
915 743 1046 767 verum
1067 742 1166 774 esse,

181 793 284 842 quod
304 793 484 842 scriptum
503 800 559 828 est
575 807 583 828 ε
602 795 724 840 Aquoe
737 794 864 827 multoe
881 805 953 826 non
971 798 1172 839 pomerum

180 857 416 900 exstinguere
427 851 658 895 charitatem,
677 852 879 898 etstumina
890 864 962 885 non
973 849 1169 885 obruerunt

181 913 282 947 illam
298 918 321 947 ¹.
343 914 543 947 Irruerunt
561 910 661 946 enim
683 910 720 946 in
741 923 805 947 eos
826 910 981 947 flumina
1000 917 1170 960 potesta—

181 978 283 1016 tum,
303 970 495 1006 fluxerunt
525 983 631 1019 aquae
655 970 852 1019 populosae
879 969 1134 1006 multitudinis
1159 983 1168 1005 ε

180 1030 368 1066 flaverunt
395 1029 497 1066 venti
525 1043 567 1066 ac
594 1030 771 1079 procellae
803 1029 1136 1065 comminationum
1157 1056 1166 1073 ,

1239 440 1357 468 strum
1381 446 1423 470 ac
1445 435 1647 483 providum
1668 434 1902 471 conditorem
1918 464 1926 479 ,
1949 436 2055 485 cujus
2076 438 2227 487 figmen-

1239 500 1318 528 tum
1338 506 1487 540 sumus,
1505 507 1732 543 oremusque
1749 503 1790 530 ut
1808 508 1873 532 vas
1893 496 2028 532 formet
2048 498 2084 533 in
2103 500 2226 535 anima

1237 560 1366 588 nostra
1383 552 1496 602 hujus
1516 553 1717 590 dulcissimi
1738 555 1849 590 musti
1867 568 1984 605 capax
2006 571 2013 592 ε
2033 565 2075 593 ut
2094 567 2226 595 nostro

1237 612 1491 658 consolatore,
1511 613 1651 662 Spiritu
1669 614 1794 662 gratiae
1809 615 2035 663 septiformis
2055 626 2224 667 accepto,

1235 671 1482 709 multiformes
1499 673 1696 708 tentatoris
1715 672 1920 710 adversarii
1937 676 2055 711 nostri
2072 677 2226 725 laqueos

1233 731 1458 778 evadamus,
1487 740 1523 767 et
1555 731 1669 781 pedes
1704 732 1904 769 affectuum
1938 742 2155 772 nostrorum
2186 737 2224 773 in

1233 791 1436 842 compedes
1464 792 1658 841 sapientiae
1689 792 1925 840 injiciamus,
1959 803 1999 830 ut
2031 809 2115 832 cum
2145 797 2226 846 ipsa

1236 851 1418 901 sapientia
1439 851 1602 900 colligati
1621 851 1780 887 vinculis
1800 852 1988 889 charitatis
2010 854 2227 892 indesinen-

1237 919 1294 947 ter
1312 919 1349 947 et
1367 911 1551 947 indefesse
1572 924 1767 947 curramus
1787 921 1874 961 post
1894 913 1992 949 illam
2009 942 2017 958 ‚
2039 913 2159 951 donec
2179 916 2225 951 ad

1235 970 1381 1019 saporis
1395 970 1513 1019 ipsius
1529 969 1800 1019 plenitudinem
1819 971 2056 1019 attingamus,
2070 972 2134 1009 ubi
2147 973 2225 1022 jam

1236 1040 1314 1063 non
1335 1041 1403 1077 per
1419 1028 1614 1077 speculum
1636 1036 1673 1063 et
1693 1028 1729 1063 in
1752 1028 1968 1076 aenigmate,
1987 1030 2051 1066 sed
2072 1030 2163 1067 facie
2181 1032 2227 1067 ad

178 1087 410 1134 verborum;
433 1097 469 1125 et
496 1088 593 1138 ignis
624 1087 814 1124 charitatis
838 1100 915 1124 non
939 1095 996 1124 est
1024 1087 1168 1124 exstin·
1187 1086 1215 1119 B
1237 1086 1368 1122 faciem
1389 1090 1530 1136 Regem
1553 1095 1724 1123 nostrum
1740 1087 1778 1122 in
1800 1087 1934 1123 decore
1955 1088 2169 1135 videamus,
2192 1100 2228 1126 et

179 1157 259 1185 ctus
274 1177 283 1194 ‚
299 1149 376 1185 imo
396 1149 507 1185 etiam
523 1156 654 1185 auctus
669 1155 738 1184 est.
758 1146 869 1185 Ibant
881 1148 980 1184 enim
997 1147 1169 1197 Apostoli

178 1207 383 1257 gaudentes
402 1221 423 1244 a
439 1216 644 1258 conspectu
664 1207 838 1253 concilii,
863 1207 1045 1257 quoniam
1067 1207 1171 1256 digni

177 1266 296 1304 habiti
328 1275 416 1303 sunt
449 1280 520 1316 pro
555 1267 709 1303 nomine
736 1266 873 1303 Christi
903 1266 1170 1303 contumeliam

178 1327 256 1376 pati
269 1333 294 1362 ².
313 1330 378 1364 Est
397 1335 521 1364 autem
544 1335 677 1364 auctus
696 1327 792 1376 ignis
813 1327 1002 1363 charitatis
1016 1355 1025 1372 ,
1049 1326 1168 1376 pluri-

176 1385 248 1423 bus
267 1399 335 1437 per
359 1400 493 1424 eorum
514 1387 820 1437 praedicationem
841 1387 1023 1432 accensis,
1053 1394 1091 1422 et
1109 1398 1168 1422 ea-

179 1446 263 1483 dem
279 1475 288 1492 ,
307 1460 380 1497 qua
397 1448 469 1497 ipsi
489 1447 692 1494 ardebant,
707 1447 944 1496 jucunditate
966 1447 1164 1484 succensis.

179 1505 250 1543 Sed
263 1506 352 1555 quid
366 1506 515 1543 aiebant
527 1506 647 1543 Judaei
661 1505 829 1542 omnium
844 1504 1033 1541 bonorum
1048 1505 1169 1541 incre-

179 1565 256 1601 duli
271 1567 286 1601 ?
304 1568 430 1602 Musto
442 1595 451 1610 ‚
473 1565 668 1614 inquiunt,
682 1568 787 1613 pleni
801 1574 886 1601 sum
897 1564 921 1601 3.
944 1565 1172 1601 Mentientes

180 1633 218 1661 et
229 1625 446 1674 ignorantes
461 1638 592 1661 verum
606 1625 794 1661 dixerunt.
808 1628 934 1662 Musto
950 1623 1093 1673 quippe
1106 1623 1172 1659 illo

179 1684 414 1722 nobilissimo
441 1685 633 1722 charitatis
659 1685 751 1730 Dei,
780 1686 856 1721 imo
883 1685 1062 1720 charitate
1091 1687 1172 1720 Deo

178 1744 312 1793 repleti
332 1753 460 1790 erant,
481 1744 741 1780 inflammante
757 1743 804 1779 ad
822 1756 1009 1788 amorem,
1030 1752 1067 1779 et
1084 1755 1172 1779 con-

180 1803 343 1840 fortante
364 1803 467 1853 ipsos
486 1812 616 1839 contra
641 1803 829 1839 timorem.
847 1802 959 1840 Unde
976 1803 1071 1840 sicut
1088 1815 1170 1838 mu-

1236 1145 1332 1182 sicut
1352 1158 1481 1182 sumus
1501 1145 1660 1194 cogniti,
1687 1157 1971 1194 cognoscamus.

1293 1205 1376 1242 17-4.
1399 1205 1469 1242 Hic
1489 1205 1588 1241 enim
1613 1205 1887 1241 advertendum
1904 1214 1999 1254 puto
2013 1235 2022 1251 ,
2042 1208 2144 1256 quod
2166 1210 2230 1245 Yi-

1239 1266 1284 1302 tis
1299 1273 1438 1302 nostrae
1455 1266 1597 1302 fructus
1613 1274 1649 1301 et
1666 1265 1899 1310 comeditur,
1922 1273 1958 1301 et
1976 1265 2130 1303 bibitur.
2151 1271 2229 1304 Ma-

1237 1325 1391 1361 sticatur
1407 1326 1506 1361 enim
1529 1339 1621 1370 uva,
1646 1324 1790 1361 bibitur
1808 1338 1897 1361 vero
1917 1326 2049 1362 vinum
2068 1329 2169 1376 quod
2192 1330 2228 1365 in

1234 1398 1307 1421 uva
1331 1385 1567 1430 continetur,
1592 1394 1629 1421 et
1657 1385 1694 1420 in
1729 1393 1892 1434 utroque
1919 1399 1987 1422 usu
2011 1385 2230 1435 jucunditas

1233 1453 1289 1481 est
1313 1459 1319 1480 :
1354 1444 1419 1481 sed
1448 1446 1486 1481 in
1511 1445 1600 1481 vino
1626 1453 1663 1481 et
1678 1445 1897 1494 jucunditas
1917 1454 1953 1481 et
1979 1447 2118 1483 utilitas
2136 1461 2227 1498 pro-

1236 1504 1348 1540 lixior
1366 1512 1443 1549 est,
1475 1504 1578 1554 quod
1601 1504 1647 1541 ad
1670 1504 1771 1541 botri
1795 1504 1926 1553 hujus,
1946 1505 1991 1541 de
2015 1520 2091 1555 quo
2111 1508 2225 1544 locuti

1238 1577 1366 1600 sumus
1390 1593 1399 1608 ‚
1439 1565 1656 1601 fruitionem
1700 1564 1792 1600 mihi
1836 1565 2026 1613 pertinere
2061 1566 2225 1604 videtur.

1239 1626 1282 1659 In
1317 1625 1492 1673 praesenti
1522 1624 1620 1660 enim
1654 1624 1730 1660 vita
1763 1624 1862 1660 hunc
1908 1623 2061 1661 botrum
2099 1629 2230 1664 masti-

1237 1696 1381 1728 camus,
1402 1697 1487 1720 cum
1511 1684 1731 1720 suavitatem
1746 1713 1755 1728 ‚
1773 1683 2071 1732 jucunditatem,
2094 1695 2131 1722 et
2155 1689 2229 1723 uti-

1238 1744 1376 1780 litatem
1411 1752 1550 1780 nostrae
1593 1744 1863 1794 redemptionis
1907 1744 2083 1782 dentibus
2117 1747 2231 1784 intel-

1238 1803 1355 1839 lectus
1389 1803 1506 1839 nostri
1543 1803 1786 1849 discutimus;
1823 1817 1908 1839 cum
1945 1807 2230 1844 resurrectionis

175 1870 277 1898 stum
303 1875 380 1899 non
404 1863 546 1912 patitur
573 1876 612 1899 se
633 1863 819 1899 contineri
839 1876 859 1899 a
878 1875 966 1899 vase
980 1892 989 1908 ,
1019 1863 1091 1899 nisi
1113 1863 1168 1898 fo-
1189 1861 1215 1896 C
1235 1863 1444 1912 potentiam
1460 1892 1469 1909 ,
1502 1863 1730 1900 ascensionis
1760 1863 1915 1911 gloriam
1935 1892 1944 1909 ‚
1976 1873 2013 1900 et
2046 1865 2230 1903 adventus

176 1933 305 1957 ramen
322 1920 478 1967 habeat,
499 1921 600 1958 unde
613 1931 863 1972 prorumpat:
883 1923 934 1959 sic
947 1921 994 1959 ab
1010 1923 1168 1959 istorum

177 1980 292 2016 corde
313 1993 381 2030 per
400 1993 466 2017 ora
486 1993 618 2017 eorum
640 1994 679 2018 se
696 1990 861 2017 mustum
877 1982 1038 2032 Spiritus
1053 1981 1170 2017 sancti

178 2040 450 2086 manifestavit,
481 2040 675 2089 loquentia
694 2042 880 2091 magnalia
897 2042 966 2078 Dei
985 2055 1069 2078 cum
1096 2041 1169 2077 mi-

182 2097 290 2135 rabili
320 2100 548 2149 eloquentia.
567 2103 652 2136 Non
681 2102 781 2137 enim
807 2101 983 2151 impedit,
1011 2101 1076 2137 sed
1109 2114 1172 2138 ex-

178 2158 281 2207 pedit
312 2159 476 2209 linguam
508 2160 661 2197 haustus
687 2161 798 2198 musti
821 2161 934 2210 hujus
963 2177 970 2198 :
1005 2169 1046 2197 ut
1077 2161 1168 2197 illud

179 2219 366 2267 poeticum
392 2232 523 2256 verum
546 2220 780 2266 inveniatur,

278 2308 413 2340 Fecundi
436 2309 545 2340 calices
565 2320 657 2351 quem
678 2320 742 2341 non
759 2309 859 2341 secere
876 2310 1025 2341 disertum
1038 2310 1050 2336 ⁴
1064 2314 1077 2341 Ρ

178 2395 377 2433 Fecundus
406 2408 498 2432 vero
520 2397 616 2433 calix
634 2396 786 2434 Domini
809 2405 845 2433 et
863 2398 1066 2446 praeclarus
1085 2399 1168 2435 ine-

176 2453 366 2491 briaverat
391 2468 473 2500 eos;
495 2457 602 2504 quia,
628 2455 724 2492 sicut
753 2455 803 2491 ait
821 2456 1048 2505 Apostolus,
1077 2457 1169 2493 cha-

179 2514 269 2550 ritas
291 2514 360 2551 Dei
381 2514 517 2551 diffusa
537 2523 617 2551 erat
636 2515 672 2551 in
693 2513 873 2551 cordibus
894 2528 1026 2551 eorum
1049 2515 1074 2551 ⁵.
1098 2516 1169 2552 Sed

177 2574 356 2611 videntur
375 2574 501 2612 verbis
526 2576 665 2613 nostris
691 2574 807 2612 verba
827 2575 928 2612 Petri
954 2577 1142 2613 contraria
1157 2606 1167 2623 ,

1235 1922 1395 1971 Spiritus
1421 1922 1537 1958 sancti
1561 1923 1758 1959 utilitatem
1786 1923 1824 1958 in
1847 1923 1971 1959 cordis
1993 1926 2111 1961 nostri
2137 1940 2232 1963 con-

1236 1981 1462 2017 sideratione
1485 1994 1678 2018 versamus
1700 1990 1876 2031 tanquam
1893 1996 1985 2019 uvas
2001 1984 2036 2019 in
2059 1997 2123 2021 ore
2138 2015 2146 2029 ,
2170 1988 2231 2022 fit-

1236 2054 1310 2091 que
1335 2041 1382 2077 de
1410 2042 1466 2078 his
1497 2055 1773 2091 nonnunquam
1809 2042 1932 2092 aliqua
1964 2044 2092 2080 laetitia
2123 2047 2230 2083 cordi

1237 2109 1379 2137 nostro.
1413 2101 1493 2137 Erit
1513 2110 1636 2137 autem
1660 2102 1790 2150 plena,
1812 2111 2010 2151 postquam
2031 2108 2231 2143 cessaverit

1238 2169 1406 2209 tempus,
1433 2160 1470 2196 id
1491 2169 1547 2197 est
1567 2160 1794 2197 mutabilitas
1816 2169 2028 2210 temporum
2047 2191 2056 2208 ‚
2078 2166 2231 2212 quando

1236 2220 1316 2256 haec
1337 2219 1414 2267 Jam
1436 2233 1512 2256 non
1533 2219 1796 2265 comedemus,
1818 2220 1883 2256 sed
1904 2220 2098 2268 bibemus,
2120 2224 2229 2261 inaes-

1237 2278 1441 2316 timabilem
1481 2279 1526 2315 de
1556 2279 1613 2315 his
1643 2288 1864 2329 perpetuam
1896 2281 2060 2317 laetitiam
2095 2296 2230 2321 conse-

1237 2339 1325 2374 cuti.
1357 2341 1401 2374 In
1433 2338 1668 2374 comedendo
1700 2340 1800 2375 enim
1836 2339 1969 2387 aliquis
2000 2340 2107 2378 labor
2139 2353 2193 2379 est
2223 2361 2228 2380 :

1235 2397 1338 2447 quod
1359 2411 1452 2434 vero
1472 2396 1638 2442 bibitur,
1660 2399 1739 2434 sine
1757 2397 1885 2434 labore
1903 2401 2098 2449 recipitur.
2121 2404 2231 2439 L'nde

1237 2470 1306 2507 per
1333 2458 1601 2494 comestionem
1632 2457 1832 2494 delectatio
1863 2471 2139 2510 quaecumque,
2175 2466 2230 2500 vel

1238 2517 1545 2566 qualiscumque,
1564 2517 1624 2553 vel
1644 2526 1951 2567 quantacumque
1972 2519 2051 2556 sine
2071 2534 2232 2572 corpore

1237 2589 1313 2613 non
1341 2577 1572 2626 percipitur;
1604 2576 1668 2613 sed
1691 2589 1840 2626 semper
1861 2587 2036 2626 aggravat
2054 2581 2229 2619 animam.

177 2634 243 2682 qui
266 2634 402 2671 haustu
425 2635 514 2671 novi
534 2636 647 2672 musti
676 2635 800 2672 audax
827 2636 969 2682 sactus,
991 2636 1069 2685 jam
1092 2650 1169 2674 non
1188 2636 1221 2670 D
1238 2640 1308 2673 Per
1326 2644 1456 2685 potum
1483 2649 1577 2672 vero
1609 2636 1688 2672 sine
1714 2635 1845 2672 labore
1873 2646 2069 2686 acceptum
2086 2668 2094 2683 ,
2130 2641 2230 2678 illius

178 2693 299 2730 solum
321 2706 398 2730 non
416 2694 539 2731 timuit
557 2695 671 2731 verba
689 2696 858 2732 mulieris
871 2695 1110 2745 cujusquam,
1130 2706 1172 2734 ut

178 2760 288 2798 ante;
311 2752 376 2789 sed
397 2765 465 2789 nec
486 2752 602 2790 verba
621 2754 850 2804 principum.
874 2755 943 2791 Hic
962 2767 1052 2803 ergo
1077 2756 1172 2805 obji-

179 2812 281 2847 ciens
295 2825 334 2848 se
355 2812 391 2848 in
409 2811 575 2849 medium
593 2813 709 2858 dixit,
729 2813 933 2863 discipulos
951 2813 1078 2850 ebrios
1094 2828 1171 2851 non

179 2883 199 2906 a
221 2871 322 2907 vino.
346 2871 418 2909 Sed
441 2872 638 2909 audiamus
657 2872 773 2909 verba
792 2873 910 2922 ipsius
929 2874 1072 2922 optime
1092 2874 1172 2911 dis-

182 2931 308 2966 tincta.
332 2933 414 2966 Non
435 2937 554 2977 enim,
577 2933 699 2982 inquit
714 2962 723 2978 ,
743 2939 835 2968 sicut
862 2946 928 2968 vos
947 2939 1146 2968 oestinmtis
1160 2963 1169 2979 ,

181 2992 218 3024 Ιιί
245 2989 335 3025 ebrii
358 3001 444 3027 sunt
463 2990 491 3026 ⁶.
527 2995 610 3028 Non
633 2993 731 3028 enim
761 3001 886 3029 musto
907 3001 1058 3029 terreno
1079 2993 1171 3029 ebrii

180 3057 287 3092 sunt,
319 3050 414 3085 sicut
446 3063 513 3086 vos
544 3051 683 3099 putatis
697 3079 706 3095 ‚
739 3051 804 3087 sed
839 3052 981 3088 coelesti
1014 3052 1168 3101 Spiritu.

183 3108 407 3144 llauriainus
424 3109 536 3157 igitur
551 3118 587 3145 et
608 3123 689 3155 nos,
712 3110 933 3154 charissimi,
951 3110 999 3147 de
1013 3124 1026 3145 x
1039 3110 1172 3158 inoju-

181 3167 409 3203 cundissimo
423 3169 527 3217 grani
545 3168 667 3217 hujus.
685 3169 795 3218 Quod
814 3171 842 3206 si
857 3171 915 3207 vel
933 3171 967 3206 in
987 3184 1063 3219 quo
1082 3170 1173 3206 hau-

234 3306 240 3319 ¹
264 3301 383 3331 Canac.
407 3312 467 3331 vni
482 3326 489 3339 ,
511 3305 541 3333 7.

184 3365 215 3388 v,
237 3357 265 3383 ξ).
319 3352 359 3375 ,6
379 3358 445 3385 Art.
469 3365 510 3389 ιι,
537 3360 587 3385 ts».

593 3323 606 3326 <
630 3308 641 3323 ²
659 3307 728 3334 Act.
751 3316 781 3337 τ,
804 3307 817 3335 -ἰ
831 3310 857 3335 1.
879 3322 914 3326 -
933 3302 946 3325 ³
963 3304 1007 3334 ld.
1029 3316 1053 3334 ιι
1069 3328 1076 3337 ,
1103 3308 1152 3335 13.
1169 3324 1204 3327 -ν
1230 3306 1242 3330 ⁴
1261 3304 1379 3335 Horatii
1399 3305 1606 3345 Fpistolarum
1620 3306 1671 3335 lib.
1692 3310 1720 3338 1,
1741 3313 1830 3347 epist.
1853 3323 1883 3337 ..,
1907 3318 1983 3337 scr«.
2010 3313 2056 3340 it),

1236 2695 1309 2732 loci
1337 2703 1373 2731 et
1402 2694 1582 2743 temporis
1611 2693 1747 2742 gaudia
1779 2694 2054 2743 significantur,
2088 2697 2151 2734 ubi
2191 2710 2226 2736 ct

1238 2753 1391 2804 quando
1409 2752 1486 2802 jam
1505 2765 1581 2788 non
1600 2753 1671 2789 erit
1691 2753 1824 2798 luctus,
1846 2767 1969 2803 neque
1990 2756 2146 2801 clamor,
2167 2760 2229 2795 sed

1241 2827 1310 2850 nec
1331 2813 1428 2849 ullus
1453 2812 1585 2858 dolor,
1606 2812 1788 2860 quoniam
1817 2813 1895 2848 haec
1915 2816 2041 2851 onmia
2073 2819 2232 2854 transic-

1242 2882 1341 2910 runt.
1366 2876 1409 2908 Et
1427 2872 1506 2921 ipse
1523 2870 1570 2907 ab
1587 2880 1730 2908 aeterno
1747 2872 1911 2918 stabilis,
1933 2875 1996 2923 qui
2020 2888 2088 2924 pro
2110 2878 2232 2925 nobis,

1242 2945 1289 2968 nc
1315 2933 1417 2967 velut
1445 2930 1577 2967 umbra
1603 2932 1846 2967 transiremus
1863 2961 1872 2976 ,
1905 2935 2087 2972 transiens
2117 2937 2234 2974 sactus

1241 2993 1329 3036 suit,
1352 2990 1578 3027 ministrabit
1595 2990 1716 3027 nobis.
1742 2991 1798 3028 lbi
1818 2993 1930 3028 ctiam
1953 2995 2135 3043 tuncjam
2157 3011 2232 3035 non

1239 3064 1322 3086 cum
1347 3049 1475 3086 labore
1495 3058 1532 3085 et
1553 3050 1688 3085 timore
1708 3059 1743 3086 ct
1768 3051 2040 3101 impedimento
2062 3059 2235 3106 corporis

1240 3110 1371 3146 mortis
1392 3108 1503 3156 hujus
1524 3108 1766 3146 comedemus
1787 3125 1793 3146 :
1816 3111 1880 3147 sed
1909 3125 1993 3148 cum
2020 3127 2151 3163 magna
2169 3117 2236 3165 ju-

1239 3169 1430 3205 cunditate
1448 3169 1619 3205 bibemus
1640 3170 1770 3206 vinum
1791 3171 2061 3221 redemptionis
2080 3186 2233 3219 nostrae.

2113 3309 2123 3330 3
2145 3314 2221 3342 nau·
