2418 3949
183 251 253 288 981

936 252 999 286 DE
1028 249 1223 285 PASSION
1232 250 1260 283 E
1291 249 1481 284 DOMINI.

182 328 366 364 exaltatus
384 336 460 374 est,
481 337 518 364 et
533 327 762 364 humiliatus.
785 330 867 363 Non
885 329 984 362 enim
1006 327 1170 362 elevatus
1183 322 1212 341 ⁴⁹

2158 251 2233 287 982

1217 323 1231 341 ⁰
1242 337 1379 360 vacans
1393 353 1401 369 ‚
1418 333 1586 372 gustare,
1601 333 1637 361 et
1655 324 1862 374 intelligere
1877 325 1997 374 possis
2011 353 2021 370 ,
2039 339 2152 374 quam
2167 326 2235 363 bo-

181 395 237 423 est
258 388 295 423 in
326 400 473 424 crucem
488 416 497 433 ,
519 395 559 423 ut
579 399 618 423 se
648 386 836 422 difficilem
858 384 1045 434 praeberet
1063 396 1171 420 acce·-
1189 385 1220 417 A
1240 396 1329 427 nus,
1350 396 1461 431 quam
1477 384 1659 420 dulcisest
1671 384 1867 420 Dominus.
1881 385 2132 422 Siclustrandi
2147 396 2236 423 sunt

181 446 270 483 dere
286 447 331 483 ad
346 460 431 484 eum
448 446 660 483 volentibus
678 460 685 482 τ
702 445 767 482 sed
785 445 921 494 magis,
943 452 985 480 ut
998 443 1174 480 omnibus

181 516 308 556 posset
328 507 494 556 paratior
512 506 686 542 inveniri.

239 567 322 602 150.
343 565 532 602 Accedens
549 578 638 613 ergo
657 577 740 600 cum
760 563 895 599 fiducia
917 563 963 599 ad
983 562 1084 598 hunc
1102 575 1173 611 pa-

183 624 367 670 radisum,
399 625 436 660 in
458 625 678 660 extensione
699 623 942 659 brachiorum
968 633 1171 670 cognosce,

182 685 329 733 suscipe
347 684 520 720 affectum
536 692 708 732 paratum
728 681 775 718 ad
793 690 898 726 tuos,
921 689 958 717 et
978 689 1012 716 te
1026 679 1071 716 ad
1085 692 1174 716 suos

180 743 373 779 invitantis
394 743 609 792 amplexus,
627 750 664 778 et
678 740 960 790 quodammodo
981 738 1174 776 miserabi—

181 802 266 838 liter
295 801 666 848 misericorditerque
696 800 891 836 clamantis
921 814 929 835 ε
960 801 1150 834 Revertere
1162 826 1172 842 ,

180 868 371 902 revertere,
405 868 444 894 ut
473 863 687 894 intueamur
714 865 784 894 1⁶²¹.
817 862 1021 894 Revertere
1041 872 1061 894 a
1081 857 1176 893 mala

180 918 377 954 voluntate
389 946 398 963 ,
419 931 440 954 a
457 918 562 954 malis
586 918 689 953 factis
701 946 710 963 ,
726 917 773 953 ab
787 917 1060 963 obstinatione,
1078 929 1098 952 a
1112 916 1178 952 (le-

179 977 407 1026 speratione.
427 980 651 1022 Revertere,
671 977 845 1025 inquam,
879 976 925 1012 ad
951 989 1030 1022 me,
1054 988 1139 1024 quae
1158 988 1177 1011 a

181 1047 241 1072 me
268 1048 399 1072 aversa
422 1036 544 1081 fuisti,
574 1044 615 1072 ut
634 1036 849 1071 intueamur
878 1043 912 1070 te
931 1035 1070 1070 intuitu
1091 1047 1178 1083 gra—

1240 450 1277 477 et
1306 442 1420 490 pedes
1449 455 1524 478 non
1556 443 1680 479 minus
1703 444 1895 492 sanguinis
1925 443 2126 491 habente53
2157 459 2234 483 non

1240 500 1364 536 minus
1384 514 1494 549 quam
1514 515 1669 547 manus,
1700 502 1862 551 perfossi
1882 511 1919 538 et
1938 503 2009 552 ipsi
2026 512 2062 540 et
2085 505 2233 554 perfra—

1239 567 1286 595 cti
1301 588 1309 604 ,
1331 561 1543 608 sanguineis
1559 569 1752 596 manantes
1766 562 1892 608 guttis.

1297 619 1379 654 152.
1402 619 1567 654 Tandem
1589 619 1843 655 accedendum
1864 629 1919 656 est
1942 621 1987 657 ad
2009 635 2075 658 cor
2092 623 2236 660 humil-

1239 676 1368 712 limum
1382 677 1549 713 altissimi
1566 681 1654 713 Jesu
1666 677 1902 726 perjanuam
1921 680 2047 716 lateris
2063 681 2235 718 lanceati.

1239 735 1294 772 Ibi
1317 737 1448 785 procul
1468 736 1585 772 dubio
1606 737 1802 773 thesaurus
1829 737 2030 775 ineffabilis
2047 739 2236 777 desidera-

1239 794 1324 831 bilis
1340 795 1528 831 charitatis
1544 797 1633 832 latet
1653 811 1659 832 :
1679 796 1727 831 ibi
1748 810 1847 832 nova
1864 796 2015 834 devotio
2029 799 2233 846 invenitur,

1242 854 1330 891 inde
1346 856 1593 904 lacrymarum
1610 856 1724 904 gratia
1734 856 2120 902 extrahitur,diseitur
2136 871 2237 895 man-

1244 914 1423 960 suetudo,
1454 915 1633 964 patientia
1661 915 1698 950 in
1728 914 1919 960 adversis,
1955 918 2165 965 compassio
2198 920 2236 954 in

1243 974 1402 1010 afflictis.
1422 974 1614 1023 Praecipue
1635 987 1700 1010 cor
1721 974 1924 1010 contritum
1940 983 1976 1010 et
1999 975 2235 1014 humiliatum

1244 1032 1296 1069 ibi
1324 1033 1524 1068 invenitur.
1547 1036 1631 1082 Ipse
1652 1037 1760 1069 Jesus
1781 1034 2002 1082 complexus
2026 1043 2111 1071 tuos
2137 1035 2237 1072 desi-

183 1094 261 1140 tiae,
276 1107 354 1143 quo
372 1095 567 1131 mulierem
594 1094 860 1144 peccatricem,
880 1097 1032 1130 Petrum
1053 1101 1089 1129 et
1102 1097 1175 1129 La·
1194 1090 1220 1124 B
1242 1091 1368 1135 derat,
1400 1091 1481 1127 talis
1505 1099 1547 1127 ut
1568 1092 1862 1140 complectatur,
1885 1101 2089 1140 exspectat.
2117 1095 2239 1143 Caput

182 1161 328 1190 tronem
351 1154 510 1203 respexi.
529 1158 627 1202 Lege
648 1166 707 1189 me
727 1153 865 1189 librum
887 1153 974 1188 vitae
994 1153 1174 1202 scriptum

180 1213 281 1249 intus
312 1221 349 1249 et
377 1214 484 1259 soris,
505 1221 542 1249 et
569 1213 705 1249 lectum
726 1212 906 1261 intellige.
938 1212 1080 1260 Collige
1110 1205 1176 1249 tibi

180 1271 292 1308 flores
314 1285 418 1309 meos
437 1271 683 1321 sanguineos,
706 1279 747 1307 ut
771 1270 935 1320 paradisi
958 1271 1057 1306 illius
1087 1283 1177 1320 pos-

181 1330 230 1366 sis
241 1329 397 1379 januam
415 1330 590 1374 introire,
614 1338 700 1365 ante
729 1328 836 1377 cujus
858 1329 956 1364 fores
974 1327 1176 1365 Cherubim

181 1389 387 1426 collocatus
403 1397 458 1426 est
483 1401 567 1425 cum
585 1387 708 1436 gladio
730 1387 905 1424 flammeo
925 1400 967 1423 ac
994 1387 1174 1423 versatili.

181 1449 289 1486 Valet
315 1449 415 1485 enim
446 1448 616 1493 scientia,
647 1460 760 1495 quam
781 1460 827 1482 ex
849 1460 906 1482 me
926 1446 1094 1494 plenarie
1119 1446 1177 1481 di-

182 1520 284 1544 scere
300 1516 408 1557 potes
424 1507 470 1543 ad
488 1506 738 1542 amovendum
754 1505 1067 1554 impedimentum
1083 1505 1178 1541 Che-

183 1566 319 1604 rubim.
350 1568 477 1605 Flores
493 1579 583 1615 ergo
605 1565 795 1614 sanguinis
813 1566 904 1610 mei,
922 1564 1034 1614 gladii
1052 1578 1178 1601 versa-

183 1627 256 1663 tilis
286 1628 455 1664 flammas
490 1625 699 1662 horrendas
738 1638 780 1661 ac
820 1624 887 1660 tibi
923 1623 1180 1660 formidabiles

183 1686 391 1723 extrahant.
412 1690 514 1722 Intra
529 1698 639 1734 ergo,
657 1698 680 1720 o
696 1684 840 1727 anima,
860 1683 1073 1732 paradisum
1093 1696 1178 1719 om-

183 1745 295 1781 nibus
314 1745 494 1794 paradisis
515 1734 732 1789 meliorem,
762 1755 862 1778 nunc
888 1743 970 1778 solo
987 1742 1183 1791 cogitatio-

183 1804 241 1840 nis
265 1817 340 1853 quo
358 1812 464 1853 potes
491 1803 649 1848 assectu3
668 1810 708 1838 ut
731 1801 973 1851 postmodum
1002 1801 1125 1837 anima
1146 1809 1183 1836 et

1242 1150 1418 1187 floridum
1449 1151 1575 1186 multis
1601 1151 1794 1199 spinarum
1823 1150 1961 1186 aculeis
1981 1152 2172 1188 confixum
2191 1153 2238 1189 ad

1243 1219 1278 1247 te
1299 1211 1472 1257 inclinat,
1493 1219 1536 1247 ut
1555 1211 1600 1247 ad
1620 1210 1720 1260 pacis
1740 1211 1910 1246 osculum
1930 1218 1964 1246 te
1983 1211 2138 1258 invitet,
2157 1221 2241 1249 tan-

1243 1284 1354 1320 quam
1385 1270 1483 1307 dicat
1511 1270 1603 1307 tibi:
1627 1274 1723 1306 Ecce
1755 1270 1948 1318 quomodo
1982 1272 2239 1320 configuratus

1243 1342 1324 1366 sum
1339 1358 1348 1375 ,
1371 1329 1565 1379 quomodo
1587 1329 1782 1365 confossus
1797 1357 1805 1373 ,
1828 1329 2023 1377 quomodo
2043 1339 2238 1376 mactatus,

1243 1397 1284 1425 ut
1303 1397 1337 1425 te
1358 1389 1498 1437 possim
1519 1402 1662 1437 ponere
1678 1401 1793 1437 super
1815 1388 1994 1424 humeros
2015 1402 2136 1434 meos,
2157 1403 2241 1438 quae

1244 1447 1508 1492 aberraveras,
1530 1449 1613 1484 ovis
1634 1461 1735 1493 mea,
1765 1456 1802 1483 ct
1828 1447 1872 1483 ad
1897 1460 2035 1496 pascua
2060 1448 2241 1485 reducere

1244 1507 1419 1556 paradisi.
1449 1507 1578 1543 Redde
1609 1507 1728 1543 vicem
1743 1535 1752 1552 ,
1776 1514 1812 1542 et
1833 1519 1947 1555 super
1970 1508 2127 1543 vulnera
2159 1522 2242 1545 mea

1246 1566 1504 1602 misericordia
1536 1579 1799 1609 commovere,
1830 1574 1866 1602 et
1892 1579 1992 1613 pone
2021 1580 2079 1601 me
2100 1567 2210 1603 talem
2232 1595 2241 1612 ,

1246 1625 1394 1673 qualem
1425 1638 1527 1661 nunc
1552 1624 1677 1669 vides,
1719 1633 1756 1659 ut
1782 1627 2013 1672 signaculum
2046 1639 2159 1673 super
2183 1640 2246 1661 cor

1248 1693 1362 1728 tuum,
1387 1693 1424 1719 ut
1445 1688 1672 1731 .s·ign(1calum
1689 1698 1802 1731 snper
1821 1683 2008 1719 brac-laum
2032 1694 2131 1721 luam
2146 1685 2181 1731 33
2202 1694 2244 1722 ut

1248 1744 1285 1779 in
1308 1743 1483 1779 omnibus
1500 1743 1792 1792 cogitationibus
1813 1743 1937 1779 cordis
1963 1744 2036 1789 tui,
2059 1745 2095 1780 in
2116 1746 2243 1781 omni-

1247 1802 1320 1840 bus
1337 1804 1516 1853 operibus
1537 1803 1679 1838 brachii
1703 1802 1755 1837 tui
1782 1802 1871 1837 mihi
1892 1803 2033 1848 taliter,
2056 1811 2097 1838 ut
2121 1804 2244 1850 vides,

183 1876 346 1912 corpore
366 1870 403 1898 et
426 1870 660 1908 terrestrem,
692 1869 729 1897 et
755 1862 940 1897 covlestem
967 1860 1181 1910 paradisum
1206 1867 1232 1902 C
1251 1864 1396 1912 signato
1417 1864 1536 1913 possis
1565 1862 1695 1898 similis
1716 1862 1888 1897 inveniri.
1911 1863 2243 1899 Conformaveram

183 1923 309 1959 valeas
329 1922 502 1958 introire.

242 1982 325 2018 151.
346 1985 422 2018 Nec
442 1981 607 2017 breviter
626 1980 899 2030 amplexandus
920 1987 975 2016 est
990 1980 1050 2016 liic
1070 1993 1182 2029 para-

187 2040 311 2087 disus,
331 2041 396 2077 sed
417 2040 623 2077 volandum
643 2049 699 2076 est
716 2053 784 2089 per
800 2040 966 2089 singulos
988 2040 1092 2075 istius
1112 2052 1181 2088 pa—

185 2101 298 2137 radisi
316 2101 445 2146 flores,
463 2109 499 2136 et
512 2100 743 2147 singulorum
760 2100 895 2135 florum
918 2100 1004 2134 folia
1018 2107 1104 2134 511111
1120 2112 1183 2134 511-

186 2160 307 2210 genda
323 2174 330 2196 ε
348 2173 449 2196 nunc
469 2159 517 2195 ad
539 2159 755 2205 dexteram,
790 2172 890 2194 nunc
918 2158 963 2194 ad
994 2158 1180 2194 sinistram

186 2220 330 2256 rivulos
354 2229 389 2256 et
409 2228 532 2270 guttas
552 2219 742 2267 sanguinis
762 2227 998 2268 spargentem
1023 2218 1181 2267 propius

186 2287 223 2314 et
252 2279 410 2316 interius
445 2278 710 2315 accedendum.
749 2277 953 2314 Undelibet
979 2277 1181 2326 quzerenda

187 2337 340 2374 devotio
377 2347 414 2374 et
445 2338 562 2387 gratia
595 2338 812 2386 lacrymosae
845 2337 1148 2385 compunctionis
1170 2352 1177 2372 ε

186 2399 364 2447 utrinque
390 2397 719 2442 considerandum,
737 2410 849 2446 quam
872 2397 1034 2432 immites
1050 2397 1178 2432 fixurae

185 2458 377 2494 clavorum
394 2486 403 2503 ,
435 2471 546 2507 quam
581 2470 706 2493 amara
744 2469 928 2492 venarum
962 2456 1179 2504 ossiumque

186 2518 385 2568 perfractio
402 2518 438 2554 in
458 2516 762 2562 manibusillius,
784 2517 847 2565 qui
872 2517 1004 2552 coelum
1023 2515 1182 2551 fabrica—

186 2576 240 2612 vit
259 2585 296 2612 et
317 2585 472 2622 terram,
490 2577 554 2625 qui
570 2584 748 2625 operatus
763 2584 818 2612 est
829 2576 984 2611 salutem
1003 2575 1039 2610 in
1058 2574 1181 2611 medio

1250 1931 1285 1959 te
1303 1923 1455 1971 imagini
1472 1922 1678 1958 divinitatis
1691 1934 1782 1957 meze
1797 1935 1881 1957 cum
1900 1929 1934 1957 tc
1947 1935 2112 1958 crearem
2130 1936 2136 1957 ε
2153 1936 2245 1959 con-

1250 1983 1433 2018 formatus
1462 1995 1543 2018 511111
1574 1981 1725 2029 imagini
1754 1980 1997 2016 humanitatis
2026 1989 2119 2026 tuae,
2143 1990 2182 2016 ut
2211 1989 2245 2017 te

1250 2042 1508 2077 reformarem.
1526 2043 1580 2075 Tu
1599 2052 1689 2086 ergo
1710 2039 1771 2086 qui
1789 2051 1865 2073 non
1887 2038 2070 2074 retinuisti
2087 2039 2244 2075 sormam

1249 2101 1456 2136 divinitatis
1474 2113 1564 2136 mea:
1583 2099 1649 2135 tibi
1671 2100 1888 2147 impressam
1909 2098 1945 2133 in
1970 2107 2031 2133 tua
2056 2099 2246 2134 formatio-

1250 2174 1296 2197 ne
1313 2189 1321 2205 ,
1337 2161 1456 2196 retine
1476 2160 1606 2195 saltem
1627 2159 1783 2194 formam
1800 2157 2042 2193 humanitatis
2065 2166 2135 2193 ture
2154 2159 2245 2194 mihi

1247 2221 1467 2269 impressam
1487 2219 1521 2254 in
1539 2227 1598 2253 tua
1616 2218 1848 2253 recreatione
1866 2232 1875 2252 ε
1895 2216 1930 2251 111
1952 2225 2005 2251 051
2018 2245 2027 2260 ,
2045 2217 2074 2252 si
2097 2230 2169 2252 non
2187 2231 2245 2253 re-

1248 2280 1342 2315 tines
1363 2280 1511 2328 qualem
1535 2287 1569 2313 te
1590 2278 1735 2321 creavi,
1759 2276 1877 2312 retine
1897 2276 2026 2311 saltem
2045 2276 2192 2324 qualem
2213 2285 2246 2312 te

1248 2338 1427 2373 recreavi.
1450 2338 1486 2373 Si
1509 2350 1585 2372 non
1600 2335 1701 2384 capis
1721 2344 1879 2383 quantas
1899 2335 2079 2370 virtutum
2095 2335 2244 2371 divitias

1247 2396 1311 2432 tibi
1336 2396 1503 2432 dederim
1530 2404 1564 2430 te
1585 2393 1750 2430 creando
1767 2408 1774 2429 :
1791 2407 1882 2442 cape
1903 2394 2034 2429 saltem
2051 2422 2060 2439 ,
2083 2403 2244 2441 quantas

1245 2456 1282 2491 in
1305 2455 1538 2491 humanitate
1560 2463 1621 2490 tua
1645 2453 1813 2489 miserias
1835 2462 1992 2502 propter
2024 2461 2058 2488 te
2083 2466 2245 2502 accepe—

1247 2515 1315 2551 rim
1336 2513 1565 2557 recreando;
1588 2521 1625 2548 et
1642 2512 1687 2548 ad
1707 2512 1890 2561 potiores,
1912 2525 2024 2560 quam
2042 2511 2087 2547 ad
2105 2526 2196 2561 quas
2214 2522 2247 2549 te

1249 2574 1512 2616 formaveram,
1531 2572 1681 2607 delicias
1696 2571 1948 2607 reformando.
1960 2574 2051 2606 Nam
2070 2580 2248 2620 propter-

189 2645 316 2681 terrae‚
333 2637 479 2672 01111101·
494 2636 628 2671 1111111111
644 2635 983 2671 considerationem
1007 2635 1182 2683 frequen—
1202 2640 1233 2672 D
1249 2648 1290 2669 ca
1314 2634 1428 2668 homo
1450 2631 1606 2667 visibilis
1625 2632 1744 2666 factus
1762 2644 1863 2675 511111,
1885 2638 1924 2665 111
1944 2644 1962 2665 a
1983 2638 2017 2665 te
2032 2631 2133 2666 visus
2147 2644 2246 2666 ama-

189 2704 245 2732 101
265 2695 531 2745 repetendum,
555 2697 679 2730 Redde
695 2695 784 2729 mihi
816 2697 983 2729 loecitium
1004 2697 1179 2745 salutaris

189 2759 278 2799 tui2,
306 2754 352 2790 ad
375 2754 621 2790 imitationem
644 2754 725 2802 apis
745 2766 828 2801 quae
850 2753 947 2788 inter
974 2752 1180 2788 volandum

187 2826 336 2862 semper
351 2813 551 2861 quemdam
570 2826 703 2848 sonum
726 2812 854 2858 habet,
878 2825 946 2847 nec
966 2811 1182 2848 conticescit

188 2872 310 2908 donec
331 2873 428 2908 inter
445 2873 575 2908 florem
599 2872 815 2916 intraverit3
843 2870 906 2907 ubi
924 2870 1041 2906 mellis
1062 2869 1181 2919 optati

189 2930 427 2967 dulcedinem
455 2931 617 2979 colligit,
648 2938 683 2965 et
711 2931 869 2977 exsugit.
894 2934 925 2966 Ο
951 2941 1062 2977 quam
1096 2928 1182 2963 felix

189 2989 283 3035 cris,
305 2990 333 3026 si
355 2998 553 3038 postquam
570 2990 667 3025 iutra
690 2989 858 3024 florentis
877 2987 1040 3037 paradisi
1064 2986 1180 3022 nostri

190 3049 302 3085 flores
322 3048 567 3097 sanguineos,
593 3048 750 3083 vulnera
778 3047 881 3090 dico,
912 3046 1026 3081 fueris
1056 3046 1180 3080 intro-

190 3109 346 3154 missus;
367 3108 413 3144 ab
427 3108 536 3157 hujus
552 3108 682 3144 mundi
703 3108 862 3156 strepitu
878 3115 914 3142 et
933 3105 1180 3142 tentationum

189 3168 426 3213 incursibus,
451 3182 519 3218 per
539 3168 731 3204 dimidiam
758 3169 887 3204 saltem
913 3167 1042 3201 horam
1059 3165 1183 3200 (1111111-

191 3241 241 3264 110
262 3228 384 3264 valeas
406 3227 577 3273 liberari,
597 3236 633 3263 et
650 3228 717 3263 soli
738 3227 792 3272 ei,
813 3226 857 3262 ad
877 3239 988 3274 quem
1005 3224 1181 3266 introisti,

243 3352 383 3383 1(Ζ1111110.
400 3364 451 3390 vi,
478 3355 529 3383 12.
548 3371 584 3375 -—
612 3353 719 3383 ²1¹sal.
738 3364 771 3388 1,,
799 3354 848 3382 11.

929 3350 941 3371 3
959 3350 1076 3381 (ἶ1111110.
1094 3362 1175 3385 viii,
1197 3354 1228 3381 a.

1247 2706 1328 2737 rer,
1350 2693 1413 2740 qui
1436 2692 1471 2726 in
1492 2691 1627 2726 deitate
1655 2704 1735 2725 mea
1764 2689 1961 2725 invisibilis
1983 2703 2058 2725 non
2080 2690 2240 2726 amabat.

1247 2755 1301 2787 Da
1331 2759 1364 2786 te
1395 2763 1483 2797 crgo
1507 2749 1702 2798 pra-mium
1727 2749 1976 2784 incarnationi
2007 2757 2043 2783 et
2077 2750 2241 2797 passioni

1249 2824 1359 2855 meze,
1382 2824 1451 2858 pro
1472 2822 1548 2857 quo
1572 2810 1788 2844 incarnatus
1811 2809 1920 2843 simul
1946 2816 1981 2843 01
2002 2822 2131 2857 passus
2157 2809 2242 2845 (ledi

1250 2884 1319 2906 ine.
1340 2874 1369 2905 0
1384 2868 1597 2916 dulcissime
1611 2875 1722 2915 atque
1740 2867 1992 2902 amantissime
2007 2871 2093 2903 Jcsu
2107 2896 2115 2911 ‚
2134 2871 2243 2904 Pater

1252 2929 1456 2971 luminum,
1478 2941 1497 2962 a
1523 2941 1598 2975 quo
1619 2935 1671 2962 est
1693 2940 1806 2963 omne
1825 2926 1952 2962 datum
1975 2927 2182 2974 optimmn.
2206 2936 2242 2963 01

1249 3002 1361 3024 omne
1376 2987 1518 3022 donum
1542 2987 1747 3034 perfectum
1763 3015 1771 3029 ‚
1789 2985 2082 3021 misericorditer
2100 2986 2242 3034 respice

1250 3045 1440 3081 humiliter
1454 3043 1516 3079 tibi
1530 3046 1751 3079 conlitcntes
1763 3073 1771 3087 ‚
1784 3052 1819 3079 et
1838 3057 1925 3079 vere
1937 3044 2138 3079 sentientes
2156 3045 2241 3092 quia

1250 3105 1330 3140 sine
1355 3112 1388 3139 te
1411 3103 1498 3138 nihil
1523 3116 1723 3152 possumus
1744 3104 1862 3139 facere
1883 3118 1889 3138 :
1909 3112 1943 3138 et
1964 3103 2028 3151 qui
2050 3103 2182 3138 dedisti
2207 3112 2241 3138 te

1252 3177 1321 3212 pro
1343 3162 1452 3198 nobis
1475 3163 1798 3210 111111·1·1111111;1Ι11,
1823 3163 2241 3211 1100111111111[111-11111111-

1252 3236 1322 3258 nus
1346 3223 1461 3258 simus
1479 3221 1596 3270 digni,
1618 3230 1657 3257 111
1680 3230 1752 3258 ture
1768 3222 1894 3270 gratia=
1911 3230 1983 3257 tam
2006 3222 2137 3268 integri
2160 3221 2242 3257 red·-
