2418 3949
94 296 140 333 77
831 295 880 330 IN
909 293 1113 330 CANTICA
1131 320 1141 338 ,
1170 294 1332 330 SERMO
1361 297 1408 330 X.
2097 295 2143 330 73·

92 380 197 409 verat
216 371 379 422 Spiritus
396 377 403 392 ¹
422 398 431 415 ‚
450 378 488 406 et
503 369 624 414 illius,
646 368 749 418 quod
771 382 912 406 novum
936 369 1086 419 pollici·
1103 368 1116 386 ⁵

1153 369 1188 404 in
1213 377 1247 405 te
1277 369 1551 416 introducitur,
1584 384 1659 420 quo
1682 384 1750 421 per
1768 383 1807 407 se
1836 372 1941 421 prior
1965 373 2143 410 ascendit.

92 440 152 468 tus
181 439 238 468 est
264 435 393 475 Jesus‚
420 429 500 466 vini
530 430 708 466 virtutem
735 429 859 479 primo
892 441 1040 465 sensere
1055 435 1080 465 ².
1101 429 1134 463 A
1153 428 1320 475 Quidni?
1340 433 1381 466 In
1404 438 1439 466 te
1461 431 1636 476 nascitur,
1654 431 1692 467 in
1715 440 1750 467 te
1772 432 1975 477 formatur,
1997 441 2035 469 et
2055 433 2091 469 in
2111 442 2146 469 te

91 495 175 529 Hoc
208 491 299 528 vino
329 490 474 527 infusus
509 493 611 535 Noe,
641 489 845 539 spiritualis
869 501 1000 538 passus
1029 497 1086 525 est

91 551 239 601 soporis
255 563 447 587 excessum
459 579 467 595 ,
488 558 525 586 et
542 549 663 586 carnis
680 561 809 585 curam
826 546 1081 598 posthabuit³‚

92 619 193 647 totus
215 610 333 647 factus
351 611 387 646 iu
405 610 540 659 spiritu
554 637 563 654 ‚
588 609 797 658 posteriora
818 615 1082 651 contemnens,

89 683 204 719 quem
234 669 426 706 anteriora
449 668 628 705 tenebant
656 681 703 704 ex
731 668 892 716 integro.
919 667 1023 704 Felix
1054 667 1084 704 si

90 730 210 766 instar
221 733 341 767 Annae
355 727 468 777 hujus
484 728 561 764 vini
579 741 772 776 nunquam
785 726 1083 776 digessissetvir-

91 797 222 826 tutem.
243 789 311 826 Illa
330 788 430 824 enim
453 788 543 824 foris
568 787 748 836 castigato
768 799 928 836 corpore
948 785 1085 821 mentis

88 856 146 885 est
165 860 272 897 passa
288 846 565 892 temulentiam,
586 854 624 882 et
640 854 806 882 sanctam
824 859 936 895 quam
955 853 1086 894 postea

88 919 164 943 non
197 914 396 944 evacuaret
417 905 650 942 ebrietatem.
683 909 776 942 Nam
805 905 877 942 hoc
903 904 973 941 sibi
1004 904 1087 940 vult

87 965 193 1015 quod
219 979 296 1002 non
326 965 484 1002 ulterius
511 965 638 1001 vultus
661 963 744 1013 ejus
764 964 839 1000 sint
866 964 904 1000 in
936 963 1085 999 diversa

88 1025 235 1062 mutati.
254 1025 381 1062 Talem
401 1024 473 1061 sibi
494 1023 740 1074 apprehensae
756 1022 954 1072 jugitatem
983 1034 1084 1071 prae-

88 1084 220 1121 sentiae
239 1097 379 1134 sponsa
398 1084 571 1134 polliceri
588 1083 739 1119 videtur
755 1095 841 1119 cum
860 1082 951 1118 dicit
969 1096 976 1118 :
998 1084 1083 1117 Non

1151 499 1228 523 non
1246 487 1528 539 introducitur?
1544 491 1688 533 Filioli,
1706 503 1797 537 quos
1813 495 1943 525 iterum
1955 496 2124 539 parturio
2135 520 2145 535 ‚

1150 548 1266 582 donec
1276 545 1463 594 sortiretur
1479 549 1642 584 Christus
1657 554 1696 585 in
1714 549 1817 585 vobis
1828 549 1857 585 ⁶.
1875 553 1917 587 In
1934 550 2042 587 nobis
2056 564 2146 600 ergo

1150 605 1318 643 Christus
1334 615 1371 643 et
1387 609 1615 657 parturitur,
1631 617 1667 644 et
1686 610 1902 658 perficitur3
1924 623 1993 646 nec
2012 611 2146 656 semel,

1151 665 1213 701 sed
1227 666 1361 714 saepius
1371 695 1380 712 ‚
1397 675 1434 702 et
1447 667 1580 703 iterata
1594 667 1729 704 crebro
1744 669 2006 718 parturitione.
2018 673 2147 720 Neque

1150 737 1351 773 possumus
1366 738 1497 762 omnes
1513 726 1647 763 Christi
1664 727 1773 763 simul
1795 729 1952 765 virtutes
1969 729 2146 780 adaptare

1151 782 1262 820 nobis
1275 811 1285 829 ‚
1304 783 1478 832 equidem
1498 797 1545 820 ne
1562 797 1674 820 unam
1693 786 1899 834 quamlibet
1915 788 1961 824 ad
1977 790 2144 838 plenum.

1150 841 1296 879 Idcirco
1328 855 1478 892 semper
1504 843 1752 880 insistendum
1785 854 1841 881 est
1854 874 1862 890 ,
1889 847 1976 895 quia
1997 850 2146 886 nonnisi

1151 903 1287 939 sensim
1307 904 1348 939 fit
1368 902 1405 938 in
1427 901 1537 939 nobis
1558 904 1762 952 spiritualis
1779 906 1979 955 parturitio
1999 908 2146 945 Christi.

1151 962 1224 1010 Qui
1238 975 1328 1012 ergo
1344 963 1380 998 in
1397 961 1577 999 membris
1593 963 1668 999 suis
1684 963 1723 999 in
1739 977 1876 1013 sponsa
1889 978 1955 1002 sua
1969 968 2146 1014 nascitur,

1150 1035 1218 1058 cur
1239 1034 1314 1058 non
1336 1021 1616 1058 introducitur?
1636 1026 1719 1059 Non
1739 1024 1838 1060 enim
1862 1025 1922 1060 vel
1946 1027 2145 1075 parturitio

1149 1081 1249 1127 haec,
1280 1081 1338 1117 vel
1366 1080 1598 1117 introductio
1619 1082 1666 1118 ad
1696 1082 1831 1120 Christi
1858 1092 1984 1133 potest
2014 1086 2145 1122 referri

86 1146 275 1180 dimittam
309 1147 428 1180 Illum.
453 1143 552 1192 Quid
580 1144 680 1180 enim
710 1143 954 1192 praeclarum,
990 1140 1082 1191 quid
1098 1141 1126 1175 B
1146 1153 1347 1191 personam
1360 1168 1369 1184 ‚
1390 1140 1454 1177 sed
1475 1140 1521 1177 ad
1538 1140 1696 1178 virtutes
1716 1151 1753 1178 et
1772 1143 1943 1192 gratiam.
1966 1144 2057 1182 Ideo
2074 1145 2146 1181 sre-

84 1204 301 1254 spirituale‚
319 1203 413 1254 quid
429 1217 568 1254 sponsa
587 1203 743 1253 dignum
764 1203 966 1247 diceretur,
989 1201 1019 1238 si
1035 1201 1082 1238 ad

85 1264 223 1311 fidem,
244 1265 275 1301 si
304 1263 351 1301 ad
375 1263 580 1313 justitiam,
607 1263 637 1300 si
665 1263 712 1300 ad
741 1263 1010 1307 humilitatem,
1034 1261 1080 1298 ad

84 1323 355 1360 continentiam
367 1352 376 1369 ‚
394 1323 441 1359 ad
457 1322 742 1359 beneficentiam
755 1349 764 1366 ,
784 1330 821 1358 et
839 1321 886 1358 ad
903 1321 1078 1370 reliquas,

83 1396 168 1434 quae
185 1383 355 1420 Christus
376 1395 457 1419 esse
478 1382 616 1418 dicitur
629 1410 638 1427 ‚
667 1382 826 1418 virtutes
845 1381 883 1417 id
907 1381 1078 1425 referret,

83 1443 187 1493 quod
214 1443 283 1490 ait,
315 1445 400 1479 Non
428 1445 614 1478 dimittam
648 1445 780 1478 illum?
807 1445 900 1478 Nam
925 1453 994 1477 nec
1023 1440 1080 1477 his

82 1515 202 1540 vacua
220 1501 410 1539 credenda
429 1509 486 1538 est
505 1502 616 1538 etiam
636 1514 721 1537 cum
742 1500 921 1537 dilectum
940 1499 1079 1549 quaesi-

81 1563 149 1600 vit.
169 1563 343 1612 Denique
361 1571 399 1599 et
420 1575 639 1598 communes
658 1560 877 1610 hujusmodi
898 1560 1075 1604 virtutes,

80 1629 120 1658 et
138 1621 189 1658 ita
214 1620 440 1658 habentibus
468 1620 698 1667 commodae,
721 1628 763 1656 ut
783 1619 945 1656 caruisse
975 1619 1078 1655 nefas

81 1681 269 1719 credatur.

133 1741 169 1777 3.
191 1740 379 1777 Eximium
399 1753 490 1790 ergo
510 1748 548 1776 et
570 1740 761 1789 singulare
783 1737 977 1788 quidpiam
998 1737 1077 1774 haec

79 1799 221 1836 indicat
233 1799 402 1836 inventio
415 1827 424 1844 ,
447 1812 515 1849 per
527 1812 639 1849 quam
656 1798 834 1835 dilectum
851 1806 887 1833 et
907 1810 1080 1847 compre-

79 1859 238 1896 hensum
256 1859 474 1909 applaudit,
492 1867 530 1896 et
549 1872 626 1896 non
648 1857 915 1895 dimittendum
933 1870 1078 1907 praesu-

78 1919 159 1955 mit.
179 1922 291 1956 Forte
306 1918 482 1968 primitiae
498 1919 633 1968 aliquae
647 1926 736 1955 sunt
755 1917 889 1953 futurae
909 1924 1076 1953 contem·
1096 1915 1123 1950 C

78 1978 256 2028 plationis
267 1987 304 2015 et
315 1979 456 2028 gloriae,
468 1986 629 2028 propter
641 1976 744 2026 quod
756 1975 940 2025 adjungit,
953 1978 1078 2010 Donec

80 2040 311 2074 introducam
334 2041 435 2074 illum
461 2042 498 2073 in
525 2040 673 2073 domum
692 2041 821 2072 matris
844 2049 960 2080 mete,
982 2044 1019 2070 et
1038 2039 1076 2069 in

81 2097 291 2134 cubiculum
321 2101 511 2147 genitricis
540 2110 636 2132 meoe
648 2111 662 2140 ;
691 2096 728 2132 in
754 2096 855 2132 illam
887 2095 1076 2131 coelestem

77 2157 285 2195 Jerusalem
303 2170 388 2206 quae
404 2164 523 2192 mater
541 2164 597 2192 est
613 2156 782 2192 omnium
803 2162 972 2191 nostrum
984 2183 993 2199 ‚
1010 2167 1075 2190 cu-

75 2218 140 2267 jus
163 2230 294 2254 muros
319 2217 419 2254 salus
439 2224 623 2266 occupat,
657 2224 695 2251 et
726 2223 855 2264 portas
886 2214 1075 2260 laudatio,

77 2276 187 2325 cnjus
204 2276 242 2313 in
259 2289 389 2327 pacem
407 2276 522 2326 positi
539 2283 626 2312 sunt
642 2275 744 2310 fines.
763 2277 806 2310 In
827 2273 931 2309 illum
950 2273 1075 2308 locum

81 2336 175 2374 lucis
194 2344 232 2374 et
253 2336 409 2382 laetitiae,
427 2335 629 2372 laboriosae
648 2335 735 2371 vitae
755 2332 866 2382 hujus
886 2332 1076 2370 introduci

79 2410 156 2434 non
178 2404 341 2447 possunt
357 2396 516 2432 virtutes
533 2410 541 2432 z
563 2407 648 2444 quae
667 2394 697 2430 si
723 2393 990 2443 ingrediuntur
1009 2406 1078 2443 per

77 2457 277 2501 meritum,
297 2463 422 2491 tamen
442 2454 699 2491 excluduntur
718 2465 788 2502 per
809 2465 930 2489 usum.
953 2452 1076 2490 Coele·

75 2522 170 2551 stem
188 2527 279 2564 ergo
299 2514 461 2563 aliquam
481 2513 720 2549 affectionem
741 2520 778 2548 et
799 2511 1076 2561 supermunda-

79 2586 170 2610 num
188 2585 361 2623 saporem
378 2572 416 2609 in
437 2572 574 2608 dilecto
591 2580 766 2621 experta,
788 2584 864 2607 non
881 2570 1074 2620 jactando,

75 2633 139 2670 sed
157 2631 382 2683 gratulando
397 2631 486 2668 dicit
498 2646 506 2668 :
518 2633 602 2667 Non
617 2634 804 2666 dimittam
819 2630 922 2667 illum
934 2659 944 2675 ‚
960 2633 1077 2666 donec

1147 1214 1267 1250 quens
1283 1208 1339 1236 est
1358 1200 1454 1236 sicut
1471 1200 1672 1249 parturitio
1686 1230 1695 1246 ,
1715 1202 1767 1238 sic
1782 1203 2028 1240 introductio.
2051 1208 2142 1241 Nam

1146 1268 1183 1297 et
1196 1259 1401 1296 consedere
1415 1259 1577 1296 dicimur
1589 1260 1625 1296 in
1641 1261 1852 1299 coelestibus
1864 1276 1947 1299 cum
1960 1264 2107 1301 Christo
2118 1273 2144 1301 7.

1147 1319 1218 1358 Sed
1239 1320 1334 1356 sicut
1351 1332 1426 1355 una
1443 1327 1499 1355 est
1514 1332 1606 1355 vera
1627 1328 1664 1356 et
1683 1328 1822 1357 aeterna
1841 1322 1956 1358 sessio
1973 1323 2010 1359 in
2027 1325 2144 1369 coelis,

1147 1380 1198 1416 sic
1217 1388 1253 1416 et
1274 1379 1520 1415 introductio.
1553 1379 1837 1417 perambulavit
1858 1380 2047 1418 Abraham
2070 1392 2144 1420 ter-

1146 1451 1224 1475 ram
1250 1438 1512 1488 promissionis
1536 1447 1738 1488 antequam
1766 1440 1976 1490 possideret
1990 1441 2017 1478 ⁸.
2043 1444 2143 1480 Felix

1144 1498 1302 1535 omnino
1323 1498 1383 1534 cui
1404 1497 1516 1535 datur
1535 1498 1662 1535 beatas
1681 1499 1762 1535 illas
1790 1500 2054 1549 perambulare
2083 1516 2142 1539 re-

1143 1558 1294 1607 giones,
1319 1566 1356 1594 ct
1378 1557 1533 1594 visentis
1558 1558 1675 1594 instar
1696 1559 1841 1595 volucri
1860 1560 2004 1597 calcare
2029 1563 2144 1598 vesti-

1143 1617 1206 1666 gio
1225 1617 1348 1653 locum
1366 1630 1517 1653 omnem
1530 1646 1539 1663 ,
1555 1630 1667 1667 quem
1690 1626 1914 1668 accepturus
1927 1628 1983 1656 est
2001 1621 2038 1656 in
2057 1634 2146 1670 pos-

1143 1677 1346 1714 sessionem
1383 1692 1390 1713 :
1424 1677 1484 1714 cui
1516 1678 1603 1714 licet
1641 1686 1740 1715 stare
1774 1692 1851 1716 non
1889 1682 2141 1729 permittitur,

1143 1737 1344 1774 ascendere
1367 1745 1489 1774 tamen
1518 1737 1630 1774 datur
1653 1738 1691 1775 in
1718 1748 1884 1776 montem
1907 1742 2081 1787 Do1nini3
2108 1751 2145 1778 et

1142 1797 1314 1846 quamvis
1329 1809 1397 1846 per
1410 1795 1584 1834 umbram
1602 1798 1726 1835 adhuc
1741 1799 1877 1835 cursim
1891 1828 1900 1845 ‚
1919 1808 2041 1837 tamen
2057 1813 2141 1851 per-

1142 1857 1301 1894 lustrare
1322 1865 1454 1893 cuncta
1469 1885 1478 1902 ‚
1502 1865 1540 1893 et
1566 1871 1604 1893 se
1629 1858 1693 1894 tali
1715 1858 1797 1894 visu
1818 1859 2002 1895 refovere.

1198 1917 1234 1953 4.
1259 1920 1350 1964 Quae
1371 1924 1494 1952 autem
1513 1929 1601 1953 vera
1623 1925 1678 1953 est
1698 1926 1735 1953 et
1752 1918 1863 1967 plena
1884 1918 2118 1956 introductio
2132 1949 2141 1965 ,

1143 1975 1203 2012 hic
1223 1976 1327 2012 innui
1346 1975 1497 2011 videtur
1515 1989 1600 2012 cum
1624 1976 1763 2013 dicitur
1783 1991 1790 2013 ε
1820 1981 1948 2013 Donec
1977 1981 2144 2015 introdu-

1143 2048 1223 2071 cam
1244 2038 1348 2070 illum
1366 2039 1404 2070 in
1422 2038 1569 2071 domum
1591 2041 1720 2071 matris
1741 2050 1846 2072 mcoe.
1866 2036 1967 2074 Felix
1984 2038 2142 2075 omnino

1142 2106 1226 2143 quae
1241 2094 1335 2130 adeo
1355 2094 1498 2142 illigare
1512 2094 1638 2143 potuit
1653 2094 1819 2131 Verbum
1837 2095 1904 2132 Dei
1919 2124 1928 2140 ‚
1952 2104 1988 2132 et
2004 2098 2142 2135 arctius

1143 2154 1376 2203 agglutinare
1397 2153 1489 2199 sibi,
1511 2162 1548 2189 et
1570 2154 1607 2189 in
1629 2154 1761 2190 exsilio
1781 2154 2025 2201 collaterare,
2050 2169 2143 2205 quo-

1141 2225 1261 2262 usque
1278 2213 1448 2262 copulari
1468 2213 1506 2248 in
1522 2211 1698 2248 cubiculo
1715 2213 1837 2249 detur.
1860 2216 1944 2249 Non
1961 2217 2140 2251 dimittam

1141 2276 1266 2316 illum,
1282 2274 1402 2308 donec
1421 2274 1653 2308 introducam
1673 2276 1709 2307 in
1723 2274 1869 2307 domum
1887 2279 2012 2309 nmtris
2027 2288 2142 2317 mem,

1143 2335 1229 2367 etin
1249 2331 1453 2366 cubiculum
1473 2334 1664 2379 genitricis
1683 2345 1790 2367 mcae.
1812 2331 1923 2378 Quod
1947 2340 2038 2368 tunc
2058 2333 2140 2377 liet,

1142 2390 1296 2440 quando
1315 2402 1478 2439 corpore
1495 2398 1532 2426 et
1549 2398 1674 2426 mente
1694 2390 1806 2440 plene
1826 2390 1995 2439 portabit
2012 2391 2143 2441 imagi-

1142 2463 1227 2487 nem
1245 2450 1426 2496 coelestis,
1449 2457 1492 2485 ut
1515 2449 1652 2486 domus
1673 2450 1958 2499 intelligentiam
1980 2451 2026 2487 ad
2053 2464 2141 2488 cor-

1142 2522 1231 2559 pus,
1258 2507 1423 2545 cubiculi
1444 2522 1536 2545 vero
1561 2509 1609 2545 ad
1632 2517 1796 2545 mentem
1820 2509 1990 2546 reducas.
2013 2514 2088 2547 Aut
2111 2511 2140 2546 si

1142 2568 1259 2617 magis
1275 2568 1417 2617 placet,
1438 2568 1475 2604 in
1497 2567 1611 2605 domo
1636 2569 1911 2618 possessionem
1933 2570 2060 2619 accipe
2080 2583 2139 2607 se-

1141 2641 1293 2675 curam5
1313 2629 1348 2664 in
1370 2627 1568 2674 cubiculo,
1592 2638 1773 2666 secretam
1797 2645 1804 2666 :
1830 2630 1867 2666 in
1889 2629 2023 2675 domo,
2047 2643 2141 2667 sem-

77 2694 310 2728 introducam
328 2696 366 2727 in
381 2693 528 2726 domum
545 2695 672 2726 matris
684 2704 789 2726 meae.
805 2689 876 2728 Sed
889 2689 1072 2738 numquid
1089 2696 1121 2730 D
1141 2689 1351 2738 piternam;
1372 2689 1407 2725 in
1430 2688 1605 2726 cubiculo
1619 2718 1628 2735 ,
1650 2690 1837 2726 internam
1852 2705 1861 2735 ;
1884 2690 1919 2725 in
1942 2689 2057 2726 domo
2071 2718 2079 2734 ,
2100 2700 2139 2726 ut

75 2765 153 2789 non
182 2752 260 2802 jam
291 2751 460 2788 ascendit
487 2750 533 2787 ad
566 2751 740 2787 Patrem?
775 2748 959 2798 numquid
993 2761 1069 2785 non

75 2824 289 2862 praecursor
313 2810 485 2847 introivit
506 2822 577 2859 pro
598 2808 732 2845 nobis?
752 2811 799 2845 Et
818 2808 1011 2858 quomodo
1033 2816 1070 2844 tu

73 2870 294 2907 introduces
313 2883 391 2919 quo
411 2870 491 2920 ipse
522 2870 629 2918 prior
650 2867 846 2904 ascendit?
871 2871 926 2904 Tu
956 2868 1072 2916 magis

76 2930 224 2979 indiges
242 2937 284 2966 ut
303 2930 384 2979 ipse
405 2937 440 2965 te
460 2928 573 2964 ducat
585 2956 594 2973 ,
616 2927 675 2964 cui
693 2927 830 2964 dicitur
848 2942 854 2963 :
875 2930 1001 2963 Deduc
1016 2941 1074 2962 me

75 2995 115 3026 in
133 2995 200 3026 via
215 2991 480 3025 'translatorum
498 2997 639 3024 tuorum
651 2988 677 3023 ⁴.
701 2989 824 3031 Vada,
842 2987 986 3036 inquit,
1000 3001 1072 3036 pn-

75 3063 159 3086 rare
173 3049 282 3086 vobis
298 3052 414 3084 locum
425 3063 438 3092 ;
453 3057 488 3084 et
500 3061 579 3083 cum
587 3061 770 3096 paravero
784 3075 795 3092 ,
817 3052 949 3083 iterum
965 3051 1073 3082 venio

75 3118 110 3146 et
125 3122 271 3145 assumo
287 3121 355 3145 vos
375 3110 429 3143 ad
442 3121 500 3143 me
515 3112 632 3156 ipsum
644 3106 669 3142 ⁵.
691 3106 894 3154 Quomodo
911 3119 1001 3155 ergo
1020 3107 1074 3141 in-

76 3170 252 3206 troduces
270 3169 375 3206 illum
396 3181 472 3218 quo
489 3166 567 3216 jam
586 3168 665 3217 ipse
682 3166 876 3204 ascendit?
894 3165 1073 3203 Ascendit

75 3230 228 3280 quidem
261 3242 331 3280 per
352 3242 411 3275 se,
443 3228 507 3265 sed
532 3227 655 3264 adhuc.
677 3227 713 3263 in
742 3235 777 3263 tc
800 3226 889 3262 foris
917 3226 1041 3261 existit
1063 3240 1071 3261 :

125 3367 134 3383 ¹
156 3364 226 3392 Act.
253 3372 298 3399 ιι,
324 3365 411 3393 1-21.
430 3379 471 3383 -—
494 3367 504 3382 ⁷
524 3359 638 3391 Matth.
664 3371 760 3395 xxvi,
790 3363 842 3390 ⁴29.
872 3377 909 3381 ›—⁷

75 3414 90 3434 (ἶ
106 3414 208 3445 Galat.
230 3426 272 3450 ιν,
301 3417 350 3445 w.
385 3433 410 3437 --
434 3420 446 3443 Τ
467 3413 575 3455 Epium-s.
593 3426 613 3443 ιι
631 3438 637 3450 ,
659 3418 689 3444 Γ»,

936 3358 949 3381 3
974 3362 1055 3390 (Zeu.
1077 3371 1131 3395 xx,
1161 3363 1234 3390 21.-

727 3433 737 3435 -
766 3412 1044 3444 ⁸(2cn.x¹1—xv11.
1077 3433 1084 3435 -

1138 2747 1229 2784 dicit
1259 2748 1508 2785 Ecclesiastcs
1523 2777 1532 2793 ‚
1555 2749 1821 2793 a·ternitatis9,
1847 2757 1883 2784 ct
1910 2749 1945 2784 in
1967 2748 2140 2785 cubiculo

1138 2807 1339 2844 charitatis.
1355 2811 1397 2844 In
1416 2807 1613 2854 cubiculo,
1632 2808 1698 2844 ubi
1715 2809 1842 2844 clauso
1858 2809 1955 2844 ostio
1974 2822 2048 2845 non
2061 2809 2139 2857 jam

1138 2881 1223 2904 ores
1243 2871 1410 2913 Patrem,
1432 2868 1496 2904 scd
1518 2868 1564 2904 dc
1582 2877 1720 2904 caetero
1737 2868 1871 2904 adores
1893 2868 1928 2904 in
1952 2869 2084 2918 spiritu
2105 2878 2140 2905 ct

1138 2927 1294 2964 veritate
1314 2942 1320 2962 :
1339 2929 1545 2963 ludovium
1561 2940 1637 2963 nou
1656 2928 1744 2964 dicit
1759 2928 1897 2977 patris,
1913 2929 1978 2965 sed
1993 2934 2142 2971 [Ναίν-[η

1139 2995 1176 3023 et
1197 2992 1234 3022 in
1255 2986 1460 3022 cubiculum
1477 2992 1687 3036 genitricis.
1713 2988 1825 3024 Novit
1843 2988 1903 3024 illa
1926 3001 2138 3025 mensuram

1140 3059 1266 3090 suam,
1301 3054 1336 3081 et
1367 3046 1453 3082 ideo
1482 3059 1587 3097 spem
1621 3061 1724 3084 suam
1754 3047 1925 3083 extendit
1958 3047 2003 3083 ad
2039 3048 2138 3084 illam

1140 3106 1384 3142 aeternitatem
1397 3134 1405 3150 ,
1422 3106 1638 3153 veritatem,
1656 3107 1894 3153 charitatem,
1909 3120 2021 3156 quam
2040 3121 2138 3144 asse—

1139 3174 1223 3202 cuta
1254 3174 1309 3201 cst
1336 3165 1497 3202 Ecclesia
1519 3167 1801 3216 primitivorum
1830 3168 1865 3204 iu
1897 3167 2011 3203 omlis.
2044 3171 2134 3203 Nam

1138 3233 1320 3274 quantum
1355 3225 1400 3262 ad
1433 3239 1475 3262 ea
1507 3240 1592 3276 quae
1621 3227 1689 3264 Dei
1720 3236 1806 3263 sunt
1838 3235 2000 3276 spectat,
2029 3226 2131 3261 solus

1297 3359 1309 3384 ⁷⁸
1336 3360 1412 3390 l'sal.
1442 3372 1565 3395 cmm,
1593 3366 1646 3391 Its».
1742 3360 1753 3381 ἶ·
1776 3363 1866 3392 Joau.
1895 3371 1962 3390 xiv.
1984 3363 2020 3390 Ἴ,
2043 3362 2071 3387 3,
2093 3378 2131 3380 -

1123 3419 1138 3441 ἱ)
1155 3413 1251 3443 liceto.
1271 3424 1317 3441 xit
1336 3436 1341 3445 .
1369 3418 1396 3441 fv.
