2418 3949
143 193 216 230 729

140 270 301 319 flagellat
321 283 385 307 eos
410 270 625 307 infirmitate
653 271 823 320 corporis
837 299 847 316 ,
868 284 915 307 ne
940 277 1096 321 peccent
1114 282 1122 304 :

743 195 1026 231 TRACTATUS
1055 195 1119 230 DE
1147 196 1399 232 INTERIORI
1429 198 1579 233 DOMO.

1133 267 1184 285 5⁵ss

2110 200 2184 237 730

1197 269 1242 305 tis
1263 270 1301 306 in
1321 272 1467 308 excelso
1490 272 1626 308 throno
1649 287 1656 308 ε
1680 272 1743 309 ubi
1765 273 1880 310 millia
1899 273 2056 311 millium
2078 275 2187 311 mini-

139 337 181 365 ut
201 329 254 366 eis
273 330 401 367 utilius
417 330 463 366 sit
482 330 601 378 frangi
619 328 865 378 languoribus
885 329 931 365 ad
948 329 1102 366 salutem
1115 355 1125 372 ‚
1144 333 1176 366 A
1195 336 1315 364 strant
1332 330 1383 374 ei,
1401 338 1438 365 et
1459 330 1580 367 decies
1597 340 1754 368 centena
1774 333 1887 368 millia
1907 333 2083 370 assistunt
2100 334 2132 369 ei
2153 339 2180 369 ².

138 401 250 437 quam
286 401 479 425 remanere
512 389 720 425 incolumes
755 388 802 424 ad
837 388 1127 424 damnationem.

137 450 203 485 Est
230 448 440 497 perniciosa
469 449 626 493 sanitas,
653 460 737 496 quae
762 447 808 483 ad
834 446 1128 484 inobedientiam

138 506 242 543 ducit
265 522 272 542 ε
295 516 351 544 est
369 515 405 543 et
423 505 582 544 salubris
601 506 816 551 infirmitas,
836 519 918 555 quae
938 518 1004 555 per
1033 504 1130 540 divi-

138 578 223 602 nam
240 566 519 615 correptionem
541 573 704 601 mentem
724 577 746 600 a
761 564 898 601 duritia
917 563 1074 613 frangit,
1092 571 1129 599 et

137 624 319 662 humiliat.

201 685 263 721 55.
293 683 473 721 Diabolus
503 683 656 732 quando
684 683 855 733 decipere
901 694 1129 731 quemquam

137 750 276 787 tentat,
297 743 402 792 prius
423 750 594 778 naturam
615 741 911 790 uniuscujusque
931 740 1095 777 intendit
1117 754 1125 775 ;

137 810 174 838 et
201 801 291 839 inde
320 814 359 838 se
389 800 552 850 applicat
578 800 679 836 unde
705 808 833 850 aptum
866 800 1055 836 hominem
1081 799 1129 836 ad

137 861 365 910 peccandum
385 859 528 909 aspicit.
546 859 694 896 Blandis
719 867 756 895 et
774 858 922 895 lenibus
941 858 1128 895 mentibus

134 920 320 957 luxuriam
333 948 343 966 ,
371 927 436 955 aut
454 931 587 955 vanam
608 918 764 967 gloriam
789 919 969 967 proponit
991 932 998 953 z
1018 930 1122 967 aspe-

134 980 186 1016 ris
214 992 306 1016 vero
335 978 523 1016 mentibus
552 979 670 1023 iram,
701 976 937 1027 superbiam,
957 977 1017 1013 vel
1040 990 1127 1013 cru-

1193 391 1296 423 Tunc
1330 389 1509 425 veraciter
1537 403 1706 436 oramus,
1738 391 1890 440 quando
1919 392 2069 429 aliunde
2107 405 2184 428 non

1193 446 1412 494 cogitamus.
1433 447 1518 483 Sine
1536 448 1812 485 intermissione
1831 464 1940 486 orare
1959 450 2139 487 debemus
2158 450 2182 487 3.

1193 507 1286 540 'Nam
1317 505 1412 542 sicut
1444 507 1588 542 nullum
1619 516 1674 543 est
1696 517 1950 554 momentum,
1973 522 2049 558 quo
2071 509 2184 546 homo

1194 576 1272 599 non
1306 564 1450 601 fruatur
1483 574 1546 601 aut
1571 574 1697 602 utatur
1727 568 1796 603 Dei
1823 568 1960 616 pietate
1980 577 2017 604 et
2037 569 2186 606 miseri—

1194 621 1320 658 cordia
1343 639 1350 658 :
1373 624 1425 659 sic
1445 624 1590 660 nullum
1610 624 1721 660 debet
1738 638 1817 661 esse
1834 636 2092 672 momentum,
2110 641 2185 676 quo

1194 695 1279 717 eum
1300 691 1521 730 praesentem
1543 696 1618 718 non
1640 682 1774 719 babeat
1798 684 1835 720 in
1866 686 2058 722 memoria.
2082 687 2186 723 Felix

1193 740 1317 776 anima
1330 769 1339 785 ‚
1359 754 1443 789 quae
1459 754 1591 777 omnes
1606 743 1842 790 evagationes
1860 745 1994 780 mentis
2011 745 2049 780 in
2067 758 2184 781 unum

1194 799 1319 836 studet
1338 800 1513 849 colligere
1526 827 1536 845 ,
1561 809 1598 836 et
1618 801 1655 836 in
1672 801 1737 837 illo
1760 814 1858 838 verae
1884 803 2067 839 felicitatis
2085 805 2185 841 sonte

1194 859 1420 896 desiderium
1447 861 1572 909 figere.
1603 861 1763 908 Quando
1793 875 1970 907 oramus,
2006 863 2184 911 Spiritum

1193 928 1363 956 sanctum
1393 919 1438 955 ad
1465 932 1535 956 nos
1566 933 1758 957 vocamus.
1796 921 1926 958 Oratio
1956 921 2079 958 cordis
2109 932 2183 969 est,

1192 992 1270 1015 non
1299 978 1500 1016 labiorum.
1533 983 1663 1028 Neque
1685 980 1785 1016 enim
1806 980 1923 1017 verba
1950 980 2187 1030 deprecantis

134 1038 335 1076 delitatem.
357 1037 604 1075 Adversarius
623 1045 752 1074 noster
777 1049 860 1073 cum
881 1035 928 1072 ab
947 1035 1124 1072 exteriori
1143 1041 1171 1075 Β
1187 1042 1291 1075 Deus
1313 1038 1497 1084 intendit3
1518 1038 1582 1074 sed
1605 1039 1749 1075 orantis
1768 1052 1834 1074 cor
1850 1039 1994 1088 aspicit.
2023 1040 2087 1076 Vis
2105 1040 2186 1076 vir-

133 1098 373 1137 sensualitate
397 1111 436 1135 se
464 1097 566 1133 videt
596 1097 810 1142 exclusum,
840 1096 1021 1131 interiora
1049 1095 1128 1131 col-

132 1158 237 1195 lectis
276 1157 420 1195 viribus
458 1155 673 1206 aggreditur
707 1163 745 1192 et
785 1154 996 1204 ingreditur
1024 1168 1031 1189 :
1063 1153 1128 1190 sed

131 1217 333 1268 spiritualis
355 1217 470 1253 homo
493 1216 557 1266 qui
583 1215 710 1252 omnia
731 1213 900 1264 judicat,
926 1213 1006 1263 ejus
1030 1222 1128 1251 astu-

133 1278 200 1314 tias
219 1289 297 1313 non
318 1276 476 1325 ignorat.
507 1274 696 1324 Reprimit
725 1273 829 1323 quod
857 1281 1004 1323 potest3
1025 1272 1128 1322 quod

131 1349 207 1373 non
236 1343 378 1386 potest,
409 1335 543 1371 tolerat
570 1348 578 1370 :
603 1333 689 1382 quia
720 1333 788 1369 etsi
819 1333 993 1369 latratum
1024 1332 1126 1368 canis

131 1396 310 1442 sustinet,
339 1407 506 1431 morsum
529 1406 607 1429 non
628 1393 747 1429 timet.
777 1392 946 1437 Mordet,
968 1404 1053 1428 cum
1078 1391 1125 1428 ad

130 1467 355 1492 consensum
373 1453 556 1504 pertrahit
577 1467 585 1489 :
609 1453 738 1497 latrat,
760 1465 844 1487 cum
867 1451 1057 1499 suggerit3
1089 1458 1126 1486 et

131 1523 221 1552 tunc
242 1527 319 1551 non
342 1514 536 1559 vulnerat,
557 1512 620 1549 sed
641 1520 820 1557 coronat;
845 1512 1024 1561 quoniam
1058 1512 1125 1548 etsi

130 1575 363 1611 resistentem
395 1574 540 1622 fatigat,
576 1586 654 1609 non
690 1572 831 1621 obligat
867 1572 936 1608 nisi
966 1585 1127 1609 eonsen-

134 1640 303 1670 nentem.

437 1749 614 1788 CAPL'T
643 1749 817 1787 XXVII.

317 1874 366 1903 De
384 1870 536 1908 oratione,
555 1876 585 1901 et
604 1869 698 1901 modo
714 1876 798 1901 recte
815 1870 938 1902 orandi.

183 1990 244 2026 56.
266 1990 394 2026 Oratio
424 1997 479 2025 est
508 1989 643 2025 mentis
669 1988 842 2033 devoti03
872 1989 909 2025 id
933 1997 1007 2033 est,
1033 2002 1124 2025 con—

131 2050 303 2086 versioin
325 2053 444 2086 Deum
462 2062 531 2098 per
550 2049 653 2098 pium
675 2057 711 2085 et
731 2049 910 2085 humilem
932 2050 1122 2086 affectum.

128 2110 318 2146 Humilem
341 2122 387 2145 ex
404 2109 632 2145 conscientia
654 2108 882 2144 infirmitatis
914 2109 1079 2158 propriae
1111 2123 1118 2143 :

129 2169 232 2218 pium
271 2182 316 2205 ex
367 2168 667 2204 consideratione
721 2167 858 2203 divinae
902 2168 1120 2204 clementiae.

128 2228 240 2264 Nullo
270 2227 343 2263 alio
370 2227 483 2263 modo
512 2230 613 2262 Deus
633 2226 740 2262 citius
760 2226 805 2262 ad
829 2226 1122 2262 misericordiam

127 2286 306 2330 flectitur,
339 2299 451 2335 quam
474 2286 503 2322 si
524 2286 671 2321 animus
694 2285 928 2334 deprecantis
958 2286 1004 2322 ad
1036 2299 1121 2322 eum

128 2354 206 2382 toto
246 2345 459 2382 devotionis
495 2344 628 2380 affectu
670 2352 926 2381 convertatur.
970 2345 1027 2382 Nil
1069 2345 1119 2381 ita

126 2408 245 2442 Deum
261 2405 534 2455 complectitur,
550 2403 868 2452 quemadmodum
883 2416 1000 2453 purus
1019 2417 1121 2440 men-

127 2464 171 2501 tis
199 2464 363 2500 affectus.
393 2463 541 2500 Idcirco
561 2476 644 2499 cuin
667 2476 775 2499 orare
797 2464 961 2499 volueris
979 2492 988 2508 ,
1020 2464 1121 2499 solus

126 2524 367 2561 solitudinem
389 2523 513 2560 cordis
536 2524 588 2560 tui
617 2523 816 2573 ingredere
849 2538 856 2559 z
893 2533 929 2560 et
961 2524 1120 2561 collecto

1193 1106 1292 1134 tutes
1311 1106 1392 1134 tuas
1416 1099 1581 1147 augere?
1600 1097 1764 1134 Prodere
1783 1097 1874 1133 noli.
1896 1098 2007 1144 Quod
2027 1099 2188 1135 manife-

1193 1157 1326 1195 stando
1350 1166 1456 1208 potes
1484 1157 1680 1202 amittere,
1713 1156 1872 1193 tacendo
1901 1156 2058 1193 custodi.
2091 1158 2189 1204 Qui-

1192 1217 1350 1254 busdam
1367 1217 1467 1254 enim
1485 1229 1703 1253 concessum
1720 1223 1775 1252 est
1790 1222 1935 1251 tantum
1952 1214 2048 1252 bene
2065 1228 2188 1264 agere,

1193 1286 1231 1314 et
1257 1278 1419 1314 fructum
1440 1277 1532 1313 boni
1557 1277 1682 1326 operis
1706 1289 1782 1312 non
1802 1274 1939 1312 habere
1960 1290 1967 1311 ε
1988 1275 2091 1325 quod
2116 1276 2189 1325 ipsi

1193 1337 1262 1374 sibi
1295 1338 1471 1373 auferunt
1503 1350 1571 1386 per
1599 1335 1762 1373 studium
1788 1335 1960 1371 humanae
1990 1333 2186 1382 jactantiae.

1192 1397 1293 1433 Sicut
1315 1397 1446 1445 glacies
1477 1396 1602 1432 calore
1631 1395 1871 1440 dissolvitur,
1904 1395 1954 1431 ita
1975 1395 2095 1431 virtus
2121 1409 2188 1432 ore

1191 1456 1390 1493 laudantis.

1247 1517 1309 1553 57.
1338 1517 1428 1551 Cum
1449 1515 1494 1551 ad
1519 1528 1584 1551 cor
1608 1527 1732 1550 meum
1761 1514 1884 1550 redire
1907 1514 2016 1559 volo,
2043 1513 2188 1551 deside-

1194 1575 1335 1611 riorum
1368 1575 1573 1612 carnalium
1605 1573 1747 1619 turbae‚
1779 1574 2036 1622 tumultusque
2073 1574 2188 1611 vitio-

1195 1648 1302 1679 rum,
1342 1634 1614 1671 tentationibus
1654 1633 1731 1670 suis
1766 1632 2029 1681 cogitationem
2067 1645 2186 1669 meam

1196 1693 1406 1742 dissipant,
1441 1702 1477 1730 et
1507 1693 1755 1730 intentionem
1786 1692 1911 1728 cordis
1943 1692 1979 1727 in
2015 1692 2187 1728 oratione

1194 1752 1428 1802 perturbant.
1460 1757 1505 1790 Et
1537 1753 1625 1789 dum
1658 1752 1829 1788 converti
1864 1751 1910 1787 ad
1945 1755 2066 1788 Deum
2101 1760 2188 1800 post

1149 1813 1406 1863 Cperpetrata
1435 1814 1524 1849 vitia
1557 1812 1709 1857 studeo,
1733 1820 1769 1848 et
1788 1820 1919 1847 eontra
1950 1811 2027 1847 haec
2057 1811 2187 1848 eadem

1193 1873 1304 1918 vitia,
1334 1886 1417 1921 quae
1447 1872 1686 1921 perpetravi,
1715 1872 1820 1907 illum
1854 1884 2012 1907 exorare
2046 1884 2186 1916 conor;

1193 1940 1396 1969 occurrunt
1427 1931 1531 1968 cordi
1554 1932 1809 1981 phantasmata
1839 1938 2080 1980 peccatorum
2104 1943 2188 1979 quae

1193 1992 1282 2037 feci,
1314 2001 1351 2029 et
1384 1992 1518 2028 mentis
1550 2005 1641 2027 meze
1672 1992 1787 2027 aciem
1809 1989 2070 2035 reverberant,
2093 2004 2188 2026 con-

1192 2051 1352 2088 fundunt
1372 2052 1536 2087 animum
1556 2080 1564 2095 ,
1586 2059 1622 2087 et
1644 2050 1920 2100 deprecationis
1942 2063 2033 2085 meae
2054 2063 2185 2086 vocem

1190 2119 1380 2160 premunt.
1413 2114 1467 2147 Ita
1498 2111 1593 2146 mala
1623 2123 1706 2158 quae
1731 2110 1821 2154 feci,
1843 2109 2060 2157 cogitationi
2095 2123 2187 2146 mere

1190 2171 1265 2206 suis
1285 2169 1510 2218 imaginibus
1527 2170 1730 2218 impressa,
1754 2169 1789 2204 in
1810 2169 1888 2217 ipsa
1912 2182 1993 2204 mea
2014 2169 2186 2204 oratione

1190 2243 1249 2266 me
1270 2228 1511 2265 conturbant.
1542 2232 1724 2266 Creterum
1753 2237 1896 2277 quanto
1923 2228 2095 2276 graviore
2126 2237 2187 2264 tu—

1189 2289 1309 2325 multu
1338 2289 1606 2337 cogitationum
1639 2288 1845 2323 carnalium
1877 2300 2056 2335 premor,
2081 2295 2184 2323 tanto

1186 2348 1378 2385 ardentius
1400 2348 1561 2384 orationi
1583 2347 1755 2384 insistere
1778 2345 1911 2382 debeo.
1934 2349 1979 2382 Et
1999 2354 2180 2394 quantum

1187 2416 1426 2458 peccatorum
1457 2419 1626 2442 meorum
1651 2406 1909 2455 phantasmata
1940 2406 1977 2441 in
2012 2406 2184 2442 oratione

1187 2467 1411 2516 plerumque
1432 2465 1573 2514 patior;
1597 2473 1740 2500 tantum
1761 2478 1910 2500 necesse
1931 2473 2043 2500 estut
2065 2465 2184 2500 inten-

1189 2526 1239 2561 tio
1258 2524 1381 2561 cordis
1400 2524 1471 2560 mei
1492 2537 1569 2573 quo
1591 2523 1722 2559 durius
1745 2524 1959 2572 repellitur,
1983 2532 2086 2559 tanto
2115 2537 2184 2559 va—

125 2583 260 2632 spiritu
280 2591 346 2619 tuo
363 2611 372 2628 ,
395 2583 537 2631 integra
559 2591 684 2619 mente
706 2592 743 2619 et
762 2597 882 2620 vacua
903 2585 1022 2630 curis,
1039 2597 1121 2620 ora-
1139 2590 1170 2623 Ι)
1189 2585 1324 2620 lentius
1349 2584 1493 2619 insistat
1516 2583 1678 2618 orationi
1700 2597 1707 2618 z
1731 2591 1918 2631 quatenus
1946 2583 2184 2631 cogitationis

130 2643 240 2679 tionis
260 2643 412 2679 domum
432 2643 526 2678 intra
549 2656 556 2677 ε
578 2650 614 2678 et
639 2651 740 2679 stans
771 2656 896 2679 eoram
925 2646 1006 2680 Deo
1034 2652 1120 2680 ante

127 2715 242 2739 unum
265 2702 417 2752 aliquod
448 2701 493 2738 de
513 2701 693 2738 altaribus
709 2730 717 2746 ‚
741 2703 921 2739 orationis
946 2703 1120 2740 instantia

126 2763 241 2799 coelos
256 2770 410 2811 penetra
427 2776 434 2796 ι
453 2769 489 2797 et
503 2769 749 2810 praesentatus
763 2762 887 2798 choris
899 2762 1120 2809 coelestium,

126 2821 161 2856 in
193 2821 361 2870 ipsorum
390 2819 590 2869 praesentia
619 2820 787 2856 miserias
810 2829 847 2856 et
872 2821 1119 2867 calamitates,

125 2893 218 2929 quas
238 2880 392 2928 pateris,
415 2879 649 2915 miserandus
675 2878 842 2929 deplora.
865 2879 987 2916 Prode
1020 2888 1119 2917 tuam

126 2939 379 2975 necessitatem
391 2967 399 2983 ‚
414 2951 526 2988 posce
541 2951 670 2975 eorum
690 2939 880 2988 pictatem,
899 2947 934 2975 et
948 2953 1016 2988 ego
1031 2953 1118 2976 con-

126 2998 201 3034 fido
232 2999 267 3034 in
295 3011 340 3034 eo
370 2998 434 3047 qui
467 2997 581 3043 dixit,
622 3001 758 3042 Petite,
794 3008 831 3034 et
861 3004 1052 3047 accipietis
1081 3007 1116 3044 ¹,

125 3057 303 3106 quoniam
333 3057 360 3094 si
381 3058 680 3106 perseveraveris
703 3059 877 3107 pulsans,
902 3071 978 3094 non
1001 3058 1120 3094 exibis

125 3115 214 3152 inde
242 3129 391 3153 vacuuS.
417 3117 474 3154 Sic.
506 3130 572 3153 ora
603 3130 685 3153 cnm
709 3117 900 3162 oraveris,
934 3118 1038 3165 quasi
1072 3117 1121 3153 sis

125 3184 338 3224 assumptus
360 3184 397 3212 ct
414 3185 661 3226 praesentatus
681 3185 767 3212 ante
791 3176 923 3213 faeiem
946 3176 1119 3225 majesta—

179 3307 184 3320 ¹
209 3304 276 3331 l.u‹·.
295 3312 326 3330 xi
342 3325 349 3337 ,
372 3306 401 3332 9.
422 3321 457 3324 —
489 3308 499 3324 ²
520 3306 681 3338 nana-11,
707 3308 756 3335 io.
777 3323 815 3326 ω
835 3302 847 3326 ³
869 3302 1006 3335 illu-ss.
1025 3315 1055 3335 v.
1081 3306 1130 3334 17.

1187 2643 1323 2679 illicitzc
1345 2643 1545 2678 tumultum
1567 2649 1738 2689 superet,
1764 2649 1875 2689 atque
1903 2641 1948 2676 ad
1976 2642 2054 2690 pias
2074 2654 2183 2677 aures

1187 2703 1337 2739 Domini
1378 2702 1569 2737 nimietate
1599 2714 1674 2735 sua:
1711 2700 2006 2748 importunitatis
2041 2700 2181 2735 tamdiu

1187 2763 1390 2811 irrumpat,
1413 2761 1532 2796 donee
1555 2759 1798 2808 cogitationes
1824 2759 1936 2794 malas
1961 2772 2071 2794 manu
2094 2772 2182 2795 san-

1188 2822 1234 2858 eti
1263 2820 1435 2857 desiderii
1466 2818 1512 2854 ab
1542 2819 1660 2854 oeulis
1687 2818 1810 2853 cordis
1843 2816 1978 2867 abigat.
2013 2821 2099 2853 llaec
2128 2826 2184 2853 est

1187 2895 1275 2917 vera
1309 2880 1582 2928 tranquillitas,
1616 2891 1699 2913 eum
1729 2886 1804 2913 tota
1834 2891 1937 2913 mens
1967 2878 2003 2913 in
2034 2891 2072 2913 se
2105 2878 2184 2926 ipsa

1185 2940 1390 2988 colligitur,
1426 2948 1461 2973 et
1484 2939 1519 2974 in
1550 2951 1623 2973 uno
1646 2937 1864 2973 ceternitatis
1893 2936 2077 2973 desiderio
2112 2937 2184 2972 im-

1187 2999 1376 3036 mobiliter
1408 2999 1543 3046 ligitur.
1576 2997 1693 3033 Debet
1716 2996 1876 3046 proinde
1901 2997 2181 3032 fluctuationem

1187 3118 1388 3163 siderium,
1417 3116 1687 3166 cogitationum
1717 3124 1754 3152 et
1783 3116 2023 3152 assertionum
2060 3124 2188 3152 motus

1186 3059 1310 3095 cordis
1343 3059 1585 3107 restringere,
1609 3066 1645 3092 et
1665 3056 1710 3093 ad
1733 3057 1845 3092 unius
1865 3057 1942 3092 veri
1964 3056 2089 3098 ..zatulii
2117 3056 2182 3092 de-

1188 3177 1376 3225 colligere.
