2504 3928
361 211 455 247 1023

1062 213 1329 249 MEDITATIO
1359 212 1407 246 IN
1436 212 1494 246 ΡΑ
1501 210 1703 246 881οΝΕΜ

2300 212 2397 249 1024

355 291 420 324 lla!
442 295 528 323 sunt
553 287 657 336 quasi
678 286 781 324 tibrae
801 295 950 323 centum
964 317 973 333 ‚
993 301 1077 338 quae
1097 303 1235 340 corpus
1255 287 1550 327 Jesu⁸¹²dicitur
1566 287 1602 323 in
1621 286 1768 323 Psalmo
1787 298 1794 320 :
1819 288 2048 334 Audi‚filia‚
2069 296 2104 324 et
2118 290 2217 333 vide,
2240 298 2274 325 et
2289 292 2400 325 incli-

355 348 390 383 in
412 347 585 396 sepulcro
609 346 793 392 fidelium,
812 347 998 396 integrum
1019 357 1055 385 et
1075 363 1205 387 sanum
1223 359 1348 386 eusto-
1367 349 1395 382 A
1415 361 1464 382 na
1483 359 1610 381 aurem
1630 355 1745 389 tuam,
1763 354 1796 381 et
1816 344 2022 381 obliviscere
2038 348 2184 382 domam
2199 353 2319 396 patr-fs
2333 353 2400 392 tui,

355 406 473 441 (liunt.
506 409 558 442 lin
585 406 762 442 lectulum
791 407 1001 444 Salomonis
1024 409 1212 457 sexaginta
1234 410 1346 445 fortes

354 464 548 508 ambiunt,
571 478 701 500 omnes
722 474 890 501 tenentes
911 466 1074 514 gladios,
1095 467 1140 504 ad
1161 467 1256 504 bella
1278 468 1347 503 ‹lo-

354 524 518 559 ctissimi.
536 525 711 560 Lectulus
732 532 834 569 tuus,
849 529 937 561 Jesu
953 526 1116 572 Christe,
1137 528 1219 576 plus
1237 540 1346 576 quam

354 584 529 619 Salomon
544 613 552 628 ‚
573 585 765 632 sepultura
787 593 847 620 tua
868 593 940 630 est,
962 586 998 621 in
1018 599 1091 634 qua
1113 586 1268 622 sabbato
1289 599 1347 624 re-

354 643 489 691 quiesti
511 642 556 678 ab
575 643 678 678 omni
696 656 811 692 opere
828 643 929 692 quod
949 645 1114 693 patrasti.
1136 648 1199 682 Est
1223 654 1346 681 autem

355 711 641 738 monumentum
661 711 763 738 tuum
783 703 819 739 in
840 704 951 739 horto
972 717 1113 739 novum
1131 713 1167 740 et
1184 705 1220 740 in
1242 713 1348 753 petra

354 761 547 797 excisum:
569 761 655 809 quia
682 762 800 798 amica
829 771 890 799 tua
922 762 1041 798 fidelis
1064 762 1187 798 anima
1216 763 1347 799 hortus

355 821 552 856 conclusus
574 828 627 855 est
644 827 668 865 ¹,
691 829 726 856 ct
753 829 957 857 renovatur
985 821 1152 870 quotidie
1178 822 1213 857 in
1244 821 1347 871 agni-

355 881 457 916 tione
475 888 536 915 tua
550 908 557 922 ,
577 887 613 915 et
630 879 814 916 solidatur
832 881 869 916 in
889 889 992 929 petra
1010 880 1148 916 amoris
1165 880 1238 924 tui,
1254 894 1347 916 con-

355 941 538 989 sepeliens
567 952 604 974 se
628 939 744 987 ipsam
775 938 839 975 tibi
862 940 897 975 in
922 939 1088 975 interiori
1115 939 1288 984 homine,
1311 939 1348 974 in

355 1008 498 1036 secreto
523 997 684 1035 cubiculi
716 999 780 1035 tui.
809 999 864 1035 Ibi
898 1008 932 1036 te
963 998 1134 1035 ambiunt
1160 999 1350 1048 sexaginta

1411 415 1446 441 el
1477 410 1705 456 concupiscet
1736 418 1804 439 rea:
1831 407 1995 440 dcem-em
2025 414 2126 441 tuum
2145 404 2170 442 3.
2194 406 2303 444 Unde
2332 420 2401 456 pet·

1413 466 1610 500 fenestram
1630 464 1783 499 dimittit
1806 463 1936 500 David.
1955 464 2060 500 Illam
2083 465 2278 514 intelligite
2298 466 2401 501 fene-

1413 533 1546 568 stram,
1569 536 1636 572 per
1655 536 1766 572 quam
1792 522 1948 559 dilectus
1969 524 2082 559 mittit
2110 537 2260 560 manum
2281 537 2398 561 suam.

1414 588 1483 621 Per
1503 583 1598 618 hanc
1617 583 1817 619 fenestram
1838 582 2040 619 dimittitur
2060 582 2107 619 ab
2125 584 2242 620 amica
2264 598 2328 621 sua
2354 584 2400 620 ad

1412 643 1567 678 amicam
1587 655 1690 678 suam
1706 670 1715 687 ,
1741 642 1811 677 hoc
1828 650 1882 677 est
1899 641 1945 678 ad
1961 655 1999 678 se
2020 642 2137 691 ipsam
2152 658 2162 689 ;
2182 651 2219 679 et
2237 643 2399 680 abscon—

1412 703 1514 738 ditur
1535 703 1570 737 in
1589 702 1767 738 interiore
1784 702 1958 746 homine,
1979 701 2043 738 ubi
2061 711 2097 738 et
2116 716 2270 740 securus
2288 705 2408 750 vivat,

1412 770 1448 797 et
1465 756 1612 810 iniquos
1632 761 1754 797 lateat.
1775 759 1984 797 Abs-condit
2005 761 2104 797 enim
2125 775 2182 807 se,
2206 770 2242 798 et
2261 763 2336 799 exit
2355 762 2401 799 de

1415 821 1555 869 templo
1569 820 1756 869 perlidiae:
1773 820 1950 868 quoniam
1966 819 2053 856 dum
2067 821 2258 857 citharizat
2273 834 2399 857 coram

1414 880 1520 924 Saul,
1550 887 1589 915 ut
1609 880 1780 928 spiritum
1813 880 1965 916 Domini
1988 880 2124 916 malum
2155 881 2262 917 saciat
2290 881 2336 917 ab
2356 895 2401 918 eo

1415 938 1602 984 recedere,
1621 939 1724 976 illum
1740 939 1876 988 impius
1896 939 1997 975 hasta
2017 953 2102 976 cum
2124 940 2265 989 pariete
2287 949 2401 978 tentat

1415 998 1614 1046 conligere.
1637 998 1707 1035 Sed
1729 998 1939 1034 declinante
1957 998 2098 1043 David,
2120 999 2210 1047 quid
2229 1000 2401 1048 estquod

357 1060 469 1095 fortes
486 1072 532 1094 ex
554 1058 760 1094 fortissimis
781 1059 913 1104 Israel,
935 1060 971 1095 in
993 1057 1128 1107 quibus
1148 1071 1261 1107 opera
1286 1071 1350 1095 sex
1370 1059 1397 1092 B
1417 1056 1548 1106 parieti
1565 1056 1669 1093 hasta
1684 1057 1863 1105 infigitur,
1883 1056 1953 1093 nisi
1969 1056 2071 1105 quod
2087 1057 2283 1094 recedente
2301 1059 2403 1096 Chri-

357 1119 523 1161 dierum,
547 1130 663 1166 opera
684 1116 782 1153 bona
807 1118 914 1154 valde
934 1117 1098 1166 perfecta
1118 1126 1225 1162 sunt,
1248 1126 1288 1153 ut
1311 1117 1349 1153 in

357 1177 503 1214 senario
524 1184 559 1212 et
581 1175 735 1212 denario
757 1177 846 1226 legis
866 1177 1063 1226 imaginem
1086 1185 1122 1212 et
1139 1176 1349 1212 similitudi-

358 1250 443 1273 nem
461 1245 560 1273 tuam
581 1244 814 1272 conservent.

726 1367 901 1405 CAPUT
930 1366 980 1404 X.

492 1483 539 1511 De
556 1480 686 1510 militnm
704 1478 843 1510 eustodia
857 1478 894 1509 ad
909 1478 1086 1520 sepulcrum
1100 1477 1224 1511 Christi.

419 1590 479 1627 24.
510 1591 574 1627 Isti
611 1590 744 1626 melius
776 1597 811 1626 te
845 1589 1066 1626 custodiunt
1102 1602 1214 1639 quam
1244 1589 1353 1625 fallax

358 1649 561 1698 impiorum
584 1648 775 1693 custodia,
796 1648 883 1697 quia
911 1657 999 1685 sunt
1032 1647 1078 1685 ab
1105 1647 1202 1685 bella
1220 1648 1355 1684 doctis—

358 1709 440 1745 simi
462 1722 537 1745 non
556 1709 677 1745 solum
696 1708 818 1744 carnis
832 1707 1045 1753 illecebras,
1068 1707 1133 1745 sed
1153 1708 1262 1744 etiam
1282 1720 1354 1758 po-

361 1776 510 1805 testates
526 1768 664 1812 aerias,
696 1775 978 1816 nocturnosque
1011 1767 1164 1804 timores
1189 1766 1351 1816 abigere.

1416 1116 1460 1152 sti
1482 1115 1616 1163 gratia,
1640 1128 1744 1151 mens
1760 1114 1933 1151 indurata
1950 1128 2026 1151 suae
2047 1116 2196 1151 malitiae
2217 1116 2291 1152 telo
2312 1130 2404 1153 con-

1416 1174 1584 1210 foditur?
1609 1173 1707 1221 Quid
1726 1181 1848 1210 antem
1868 1173 1916 1209 ita
1936 1172 2124 1222 hodieque
2141 1187 2317 1223 perosum
2334 1175 2402 1212 ha-

1415 1233 1478 1269 bet
1496 1246 1559 1269 rex
1579 1232 1817 1269 tenebrarum
1836 1233 1920 1270 Saul
1934 1262 1943 1278 ,
1960 1246 2071 1282 quam
2087 1233 2206 1270 David
2223 1247 2402 1284 generum

1416 1294 1549 1330 suum?
1566 1297 1726 1342 Propter
1742 1292 1844 1342 quod
1862 1292 2014 1329 absente
2033 1293 2149 1329 David
2171 1294 2281 1330 liliam
2298 1308 2402 1331 suam

1419 1351 1538 1396 tollit,
1567 1361 1603 1387 et
1633 1351 1695 1387 dat
1715 1352 1820 1387 alteri
1842 1352 1976 1388 marito
1995 1351 2152 1402 ignobili
2175 1366 2182 1388 :
2205 1353 2269 1390 sed
2291 1367 2403 1391 manu

1420 1410 1526 1446 sortis
1543 1423 1627 1446 cum
1646 1410 1798 1446 redierit
1817 1419 1854 1447 et
1869 1412 2054 1460 acceperit
2077 1425 2251 1461 regnum,
2275 1427 2404 1451 rursus

1423 1467 1493 1505 sibi
1512 1468 1676 1504 vindicat
1691 1481 1794 1504 suam
1806 1497 1816 1514 ,
1828 1469 2006 1518 quoniam
2025 1470 2316 1519 desponsaverat
2334 1473 2403 1510 sibi

1420 1540 1501 1564 eam
1522 1527 1692 1564 ducentis
1712 1528 1905 1577 praeputiis
1926 1528 2207 1565 Philistinorum
2232 1530 2246 1555 4
2263 1558 2272 1575 ,
2292 1544 2312 1567 a
2333 1545 2407 1581 qua

1420 1600 1496 1624 non
1517 1588 1638 1624 solum
1664 1588 1807 1633 carnis,
1835 1587 1901 1624 sed
1929 1595 1966 1624 et
1994 1588 2129 1625 mentis
2152 1589 2408 1628 immunditias

1420 1645 1598 1683 abscidat.

1472 1706 1532 1742 25.
1568 1709 1632 1742 Vae
1663 1705 1926 1754 peccatoribus
1944 1734 1953 1752 ,
1975 1706 2157 1753 Domine,
2192 1709 2406 1757 sepulcrum

1420 1774 1526 1802 tuum
1547 1764 1825 1810 obsidentibus,
1852 1766 2031 1814 quoniam
2051 1779 2139 1802 vere
2166 1766 2330 1804 declinas
2360 1767 2408 1804 ab

360 1828 417 1863 Illi
436 1828 500 1876 qui
525 1836 635 1863 nocte
661 1827 756 1863 sicut
783 1825 878 1862 ebrii
893 1826 1108 1875 sepulcrum
1129 1834 1232 1862 tuum
1254 1825 1356 1862 obsi-
1373 1827 1399 1864 C
1419 1825 1494 1870 eis,
1515 1833 1552 1861 et
1569 1837 1644 1861 non
1670 1824 1867 1860 inveniunt
1893 1833 1927 1860 te
1947 1825 1986 1860 in
2005 1825 2144 1861 lectulo
2163 1833 2227 1862 tuo
2248 1826 2352 1863 suavi
2372 1835 2408 1863 et

360 1886 473 1931 dent,
505 1887 580 1923 illic
612 1885 896 1935 trepidaverunt
916 1885 1049 1921 timore
1072 1884 1135 1921 ubi
1164 1898 1241 1921 non
1273 1893 1353 1922 erat

361 1946 487 1991 timor,
504 1946 682 1995 quoniam
699 1953 864 1994 potestas
880 1943 1120 1980 tenebrarum
1135 1945 1256 1981 lucem
1275 1958 1352 1981 non

359 2006 563 2050 sustinens,
599 2004 644 2041 ad
683 2004 856 2041 nuntium
888 2003 975 2039 vitae
1008 2003 1093 2039 facti
1132 2012 1220 2040 sunt
1249 2004 1354 2040 velut

361 2064 512 2100 mortui.
536 2067 619 2101 Non
641 2076 731 2112 ergo
749 2071 783 2099 te
801 2061 1020 2099 custodiunt
1038 2061 1103 2097 filii
1122 2062 1263 2107 noctis,
1288 2061 1352 2098 sed

362 2125 426 2159 filii
443 2124 515 2160 diei
547 2138 554 2159 :
588 2123 659 2159 illis
682 2123 781 2159 enim
804 2122 1001 2158 horrorem
1022 2122 1156 2158 incutit
1175 2122 1355 2171 splendor

363 2191 465 2227 tuus,
487 2191 529 2219 ut
559 2183 700 2231 fugiant
719 2195 740 2218 a
761 2190 813 2228 te;
840 2182 919 2218 istis
942 2190 1066 2218 autem
1092 2181 1267 2231 gaudium
1283 2211 1293 2228 ,
1315 2189 1356 2219 ut

360 2242 625 2291 approximent
644 2241 690 2277 ad
718 2249 764 2277 te.
794 2241 926 2285 Nobis,
951 2241 1073 2287 aiunt,
1095 2241 1356 2278 dormientibus

363 2310 542 2336 venerant
564 2303 740 2348 discipuli
766 2305 863 2346 ejus,
887 2309 922 2335 et
934 2299 1059 2347 sacrati
1071 2309 1157 2336 sunt
1172 2314 1252 2336 eum
1275 2307 1299 2337 ².
1324 2304 1356 2339 Ο

364 2359 586 2395 mendaces!
608 2372 738 2395 verum
761 2359 922 2405 dixistis,
944 2359 1007 2395 sed
1033 2360 1187 2395 mentita
1206 2368 1261 2396 est
1280 2360 1353 2396 ini-

363 2417 486 2465 qnitas
511 2417 592 2453 sibi.
616 2417 854 2453 Dormientes
881 2418 980 2453 enim
1011 2417 1199 2455 Christum
1226 2426 1354 2454 custo-

364 2476 444 2511 dire
462 2489 537 2512 non
557 2485 738 2525 possunt,
761 2476 825 2512 sed
843 2477 907 2525 qui
923 2490 1031 2513 mane
1052 2477 1287 2525 vigilaverint
1308 2478 1354 2514 ad

365 2548 445 2579 me,
474 2535 667 2571 invenient
686 2548 754 2570 mc.
774 2534 889 2571 Vobis
909 2548 1061 2583 quoque
1082 2535 1355 2573 dormientibus

364 2594 454 2642 quid
485 2595 555 2630 nisi
585 2595 730 2630 somnia
752 2595 962 2642 apparent?
991 2597 1085 2630 Ecce
1114 2593 1258 2631 habetis
1287 2609 1353 2631 co-
1373 2601 1405 2633 D

364 2654 507 2702 piosam
532 2654 569 2689 in
589 2653 760 2689 manibus
779 2654 974 2702 pecuniam
996 2667 1003 2689 ι
1032 2653 1131 2689 illam
1153 2654 1182 2690 si
1199 2655 1354 2703 potestis

364 2712 564 2756 custodite,
582 2726 628 2748 ne
648 2714 745 2748 fures
765 2712 959 2758 effodiant,
980 2713 1038 2748 vel
1060 2713 1243 2750 furentur.
1262 2717 1353 2750 Nam

364 2770 535 2820 discipuli
569 2771 703 2808 Christi
738 2784 845 2807 suum
878 2771 1092 2807 thesaurum
1128 2773 1352 2809 custodient.

368 2832 633 2879 L'nusquisque
654 2830 755 2879 quod
784 2839 903 2875 amat,
939 2831 1011 2867 hoc
1043 2844 1192 2868 servare
1217 2832 1352 2869 studet.

363 2893 471 2926 Certe
490 2891 624 2926 Michol
640 2889 788 2926 amabat
808 2890 926 2926 David
947 2890 1061 2939 magis
1078 2904 1189 2940 quam
1210 2899 1354 2941 patrem

364 2962 473 2983 suum
502 2949 587 2984 Saul
603 2978 611 2994 ,
643 2948 727 2984 idco
746 2962 813 2998 per
835 2950 1033 2985 fenestram
1056 2949 1196 2986 dimisit
1215 2964 1299 2987 eum
1320 2959 1356 2988 et

365 3009 537 3043 servavit.
560 3008 658 3055 Quid
688 3016 741 3044 cst
770 3009 866 3044 hoc?
888 3009 1024 3045 Michol
1053 3010 1125 3045 filia
1156 3011 1262 3056 Saul,
1284 3011 1358 3046 tilia

365 3067 555 3114 quondam
591 3066 799 3116 superbiae,
834 3076 1031 3116 postquam
1070 3069 1239 3117 nupserit
1271 3082 1357 3119 spe-

365 3126 466 3161 cioso
494 3126 637 3171 David,
672 3127 801 3176 incipit
829 3127 951 3164 odisse
978 3136 1121 3177 patrem
1147 3142 1275 3176 suum,
1298 3131 1356 3169 cui

1418 1884 1574 1930 florido,
1590 1884 1655 1920 sed
1677 1883 1804 1933 potius
1824 1884 2023 1920 offendunt
2042 1884 2080 1920 in
2102 1893 2260 1921 statuam
2284 1885 2408 1922 cordis

1418 1944 1475 1980 sui
1494 1943 1657 1980 tenebris
1670 1943 1891 1989 involutam,
1906 1942 2084 1980 habentes
2104 1944 2150 1980 ad
2168 1952 2280 1993 caput
2298 1957 2408 1980 suum

1418 2004 1554 2053 pellem
1573 2003 1764 2052 caprinam
1780 2031 1789 2048 ,
1816 2011 2058 2052 peccatorum
2089 2016 2244 2039 suorum
2265 2016 2409 2040 memo-

1419 2063 1512 2100 riam
1530 2063 1716 2099 fetentem.
1731 2065 1865 2098 Beatus
1885 2070 2008 2099 autem
2027 2063 2091 2112 qui
2115 2062 2242 2112 vigilat
2261 2062 2306 2099 ad
2329 2076 2409 2099 mo-

1419 2130 1642 2158 numentum
1672 2129 1777 2158 tuum
1804 2130 1844 2158 ut
1876 2121 2063 2158 custodiat
2091 2130 2150 2166 te,
2180 2129 2217 2157 et
2248 2121 2410 2159 luctatur

1420 2194 1530 2217 mane
1559 2193 1643 2217 cum
1671 2181 1816 2229 Angelo
1836 2180 2141 2226 resurrectionis,
2172 2192 2220 2216 ne
2248 2180 2410 2217 dimittat

1420 2253 1527 2284 eum,
1562 2239 1683 2276 donec
1714 2239 1838 2276 audiat
1875 2238 2016 2288 aliquid
2046 2239 2092 2275 de
2123 2239 2275 2276 nomine
2309 2239 2409 2288 ejus,

1421 2297 1524 2347 quod
1544 2306 1599 2334 est
1616 2296 1784 2333 mirabile
1797 2326 1806 2343 ‚
1824 2306 1865 2333 ut
1884 2306 1921 2333 et
1944 2310 2081 2334 nomen
2099 2297 2216 2334 Jacob
2236 2310 2408 2335 commu-

1422 2365 1520 2393 tetur
1540 2356 1578 2391 in
1603 2356 1735 2400 Israel,
1767 2364 1803 2391 et
1840 2357 2056 2392 transmisso
2086 2356 2243 2392 animaess
2266 2355 2408 2392 doloris

1421 2415 1543 2452 statim
1564 2415 1707 2452 oriatur
1729 2415 1763 2451 ei
1783 2414 2018 2463 soljustitiae.

1772 2552 1948 2590 CAPUT
1977 2553 2050 2591 XI.

1489 2670 1535 2699 De
1561 2667 1670 2710 lapidis
1692 2667 1902 2705 revolutione,
1927 2668 2105 2709 angelorum
2127 2668 2338 2711 apparitione,

1705 2728 1733 2753 et
1752 2721 1867 2753 Christi
1889 2721 2125 2752 resurrectione.

1475 2834 1534 2871 26.
1566 2836 1656 2881 Quis
1675 2837 1826 2869 revolvet
1843 2834 1948 2870 nobis
1973 2836 2135 2883 lapiclem
2154 2833 2202 2869 ab
2222 2838 2311 2869 ostio
2333 2847 2412 2869 mo-

1422 2896 1587 2930 numenti
1601 2893 1641 2930 ⁵?
1661 2895 1835 2931 Clausum
1857 2902 1933 2939 est,
1953 2893 2134 2940 Domine,
2154 2893 2291 2930 ostium
2308 2905 2411 2929 men-

1423 2954 1467 2990 tis
1501 2967 1613 3000 meae,
1645 2962 1682 2990 et
1715 2955 1852 3003 premit
1881 2954 2112 2990 intellectum
2155 2966 2279 2989 meum
2318 2952 2412 3002 lapis

1422 3013 1677 3059 mortalitatis,
1710 3021 1964 3062 praegravatus
2002 3013 2172 3063 pondere
2204 3012 2412 3061 iniquitatis

1424 3085 1533 3118 meae3
1555 3085 1623 3108 nec
1650 3072 1824 3108 humanae
1851 3085 2006 3121 prorsus
2027 3072 2152 3107 valent
2177 3071 2282 3106 illum
2307 3083 2413 3107 amo-

1425 3145 1512 3169 vere
1528 3132 1626 3168 vires
1639 3160 1648 3177 ,
1666 3132 1735 3168 nisi
1757 3131 1998 3181 omnipotens
2017 3135 2148 3169 Sermo
2176 3144 2196 3166 a
2226 3130 2413 3180 regalibus

415 3251 558 3281 ¹(1antic.
576 3262 621 3289 IV,
649 3255 698 3283 12.
719 3269 756 3274 ——
785 3258 795 3273 ²
814 3252 927 3284 Mam».
943 3264 1047 3283 xxviii
1063 3277 1070 3289 ,
1095 3256 1144 3285 13.
1159 3274 1200 3277 —
1221 3252 1233 3276 3
1249 3255 1327 3288 Psal.
1345 3267 1436 3296 κων,
1457 3260 1510 3294 11,
1533 3260 1582 3289 12.
1595 3276 1639 3280 —
1658 3256 1671 3282 4
1691 3259 1794 3299 tReg.
1814 3268 1920 3294 xvtu,
1943 3268 2002 3288 xix
2015 3280 2024 3296 ‚
2040 3268 2119 3295 xxv,
2133 3262 2162 3287 et
2176 3259 2204 3288 11
2220 3259 2296 3298 neg.
2314 3267 2412 3288 111.—

367 3301 379 3324 5
400 3305 497 3335 Marc.
514 3315 589 3341 xvi,
610 3307 640 3334 3.

1502 3311 1514 3325 “
1529 3309 1619 3340 Adde
1634 3307 1756 3351 gladia.
