2504 3928
656 341 830 379 CAPUT
859 341 992 380 XVII.

337 461 432 499 Pergit
458 471 600 491 accusare
622 467 651 491 et
672 461 834 503 deplorare.
854 461 990 492 miserias
1012 473 1081 492 suas
1106 462 1184 493 circa
1205 464 1318 504 eogita-

381 514 478 543 tiones
507 514 729 549 amarulentas,
753 514 881 544 abusum
908 514 1138 554 membrorum,
1164 522 1192 545 et
1219 527 1320 546 rerum

380 567 565 597 exteriorum
580 567 617 597 ad
636 567 705 598 xita·
723 579 810 598 usum
829 568 1042 609 spectantium.

387 693 447 729 97.
480 696 552 730 Cor
582 694 763 730 mundum
794 708 877 731 crea
907 696 943 731 in
971 708 1045 739 ine,
1080 699 1199 739 Deus,
1226 709 1321 744 quo-

337 751 433 787 niam
460 765 534 787 non
557 753 677 788 solum
711 767 805 789 vana
829 755 1005 802 cogitatio
1028 754 1118 789 illud
1140 763 1320 803 occupat,

335 819 369 845 et
390 812 508 860 turpis
529 812 720 860 inquinat,
743 814 997 849 verumetiam
1016 827 1139 850 amara
1156 815 1321 862 dissipat.

335 872 440 918 Smpe
465 884 626 919 namque
647 872 770 920 aliqua
792 871 928 919 injuria
946 881 1176 917 commotus,
1199 873 1323 908 densis

336 929 603 976 cogitationum
624 930 848 966 tumultibus
864 932 898 966 iu
917 931 1031 967 corde
1047 945 1211 980 premor.
1231 932 1323 967 lline

339 987 423 1022 iude
453 989 633 1025 sollicitus
660 997 695 1025 et
726 1002 864 1035 crectis,
890 990 1123 1026 occasionem
1148 990 1323 1026 vindicta:

365 204 398 235 ll
941 205 1167 239 rttittl'tl-t't‘t
1190 208 1212 239 S
1245 207 1305 239 l)l·'.
1338 207 1582 240 tx'tl-ltttottt
1616 206 1763 240 DOMO.

2294 206 2368 243 712

1366 282 1523 330 ⁴⁵parum
1552 290 1642 317 erat.
1666 281 1831 328 Cogitavi
1863 281 1971 316 etiam
2001 281 2046 316 ‹le
2079 281 2163 317 eibo
2194 291 2229 318 et
2259 292 2372 333 potu,

1336 347 1364 379 Λ
1387 341 1538 390 quamlo
1567 355 1640 376 uon
1671 340 1803 385 debui,
1826 349 1860 376 et
1885 339 1948 376 ubi
1973 354 2047 376 non
2077 341 2212 387 debui,
2234 351 2270 378 et
2290 344 2374 392 plus

1385 413 1496 448 quam
1518 399 1642 435 debui.
1661 399 1866 447 Cogitando
1884 398 1929 434 de
1946 399 2058 444 escis,
2076 400 2205 448 epulas
2223 401 2258 435 in
2278 401 2375 449 cogi-

1388 460 1525 495 tatione
1545 467 1619 495 tota
1632 459 1690 494 die
1704 457 1949 494 ruminabam.
1969 460 2059 494 Cum
2078 457 2243 505 tegendis
2262 471 2376 495 mem-

1388 518 1463 553 bris
1478 518 1698 553 vestimenta
1717 530 1862 565 qurero,
1889 529 1963 552 non
1986 517 2105 552 solum
2122 529 2204 564 quae
2227 524 2372 565 tegant,

1388 577 1450 613 sed
1480 590 1562 626 qua·
1583 576 1788 620 extollant,
1807 583 1943 624 expeto
1974 589 1980 611 :
2012 583 2048 610 et
2068 582 2199 610 eontra
2229 575 2376 625 frigoris

1390 645 1600 685 torporem,
1630 648 1702 671 non
1721 635 1839 671 solum
1865 647 1992 683 qua‘ro
2012 647 2094 683 quae
2115 634 2285 670 muniant
2309 648 2376 684 per

1388 695 1674 744 pinguedinem,
1691 694 1754 729 sed
1767 707 1850 743 quae
1867 694 2053 730 mulceant
2070 706 2137 741 per
2153 693 2345 730 mollitiem
2367 709 2374 730 :

1389 767 1462 789 non
1480 755 1599 789 solum
1613 767 1696 802 quse
1713 767 1779 802 per
1800 753 1990 789 mollitiem
2012 761 2148 788 tactum
2167 753 2374 796 mulceant,

1389 812 1451 847 sed
1470 826 1551 860 qua·
1574 825 1640 861 per
1654 813 1817 848 colorem
1835 812 1964 847 oculos
1982 811 2172 847 seducant.
2197 814 2287 848 Cum
2307 824 2376 861 pro

1389 872 1513 919 aliqua
1536 872 1753 907 necessitate
1774 871 1958 907 licentiam
1981 870 2159 919 loquendi
2182 870 2290 906 alicui
2310 870 2377 906 ha-

1391 929 1474 973 bui,
1506 931 1652 966 loeutus
1684 943 1764 966 sum
1797 942 1872 965 non
1905 929 2024 965 solum
2058 928 2104 964 de
2136 929 2373 971 necessariis,

1390 1001 1520 1024 verum
1539 989 1649 1024 etiam
1674 988 1719 1024 de
1740 1001 1815 1024 non
1837 988 2053 1023 necessariis
2067 1015 2076 1032 ,
2103 995 2139 1022 ct
2159 987 2204 1023 de
2222 987 2277 1024 his
2292 1000 2376 1036 quae

337 1046 382 1082 de
399 1056 549 1096 accepta
580 1047 715 1096 injuria
747 1049 884 1094 rimor,
918 1050 1072 1085 consilia
1105 1050 1326 1099 multiplico,
1345 1053 1372 1086 B
1390 1048 1435 1083 ad
1460 1061 1517 1083 me
1535 1061 1608 1084 non
1625 1046 1884 1096 pertinebant,
1910 1055 1947 1082 et
1967 1046 2012 1082 de
2034 1046 2170 1094 quibus
2188 1046 2376 1082 licentiam

336 1115 371 1141 et
396 1107 486 1143 niliil
508 1107 608 1143 aliud
640 1109 707 1144 nisi
730 1107 852 1157 jurgia
879 1123 962 1157 quse
984 1110 1072 1144 soris
1101 1109 1257 1153 desunt,
1287 1110 1323 1145 in

336 1166 452 1201 eorde
482 1181 631 1216 perago.
665 1172 869 1204 Praesvntcs
899 1182 973 1204 non
1002 1168 1130 1213 video,
1154 1167 1322 1204 absenti—

337 1223 406 1260 bus
422 1226 659 1271 mnu-adico,
683 1227 778 1263 intra
801 1229 1060 1277 memetipsum
1080 1229 1325 1264 contumelias

337 1285 488 1333 profero
516 1294 551 1321 et
579 1286 741 1334 recipio,
774 1287 930 1335 receptis
957 1295 1080 1322 autem
1105 1286 1236 1321 durius
1263 1300 1323 1322 re—

337 1343 518 1390 spondeo.
536 1347 704 1392 Cumque
724 1345 786 1392 qui
804 1344 932 1380 obviet
954 1344 1077 1379 nullus
1094 1343 1208 1389 adsit,
1227 1344 1324 1379 rixas

338 1401 372 1435 in
401 1401 516 1436 eorde
542 1415 753 1450 compono,
778 1402 930 1437 insidias
956 1401 1203 1437 invidentium
1231 1414 1324 1436 con-

337 1459 481 1504 sidero,
512 1468 547 1495 et
572 1460 662 1509 quid
692 1468 822 1496 contra
848 1459 973 1509 jurgia
999 1472 1151 1495 movere
1181 1459 1325 1508 possint

337 1530 455 1566 penso
477 1533 484 1554 :
506 1518 664 1567 exquiro
686 1518 776 1567 quid
796 1518 1067 1568 respondeam;
1088 1527 1125 1554 et
1141 1531 1224 1554 cum
1247 1531 1323 1554 rem

338 1576 475 1612 nullam
507 1585 671 1622 teneam,
698 1590 839 1613 vacuus
866 1578 1028 1626 litigator
1052 1577 1217 1613 elaboro,
1244 1577 1324 1614 Sic-

337 1648 410 1683 que
431 1635 527 1671 diem
555 1637 590 1671 in
613 1636 753 1682 otium,
776 1645 926 1672 noctem
954 1649 1044 1672 vero
1066 1637 1103 1672 in
1125 1637 1323 1685 cogitatio-

338 1706 421 1729 nem
455 1707 576 1730 verso.
607 1698 756 1743 Torpeo
789 1694 834 1730 ab
864 1695 944 1731 utili
978 1708 1113 1744 opere,
1145 1695 1322 1744 quoniam

337 1753 472 1801 fatigor
500 1753 629 1789 illicita
653 1754 891 1803 cogitatione.
920 1757 975 1790 Ita
1007 1768 1110 1790 mens
1131 1755 1230 1791 intus
1252 1768 1325 1804 pu-

1391 1120 1464 1142 non
1497 1106 1692 1143 habebam.
1728 1106 1897 1142 Immersi
1933 1118 1990 1140 me
2026 1105 2223 1153 colloquiis
2256 1104 2378 1140 homi-

1391 1179 1490 1201 num.
1526 1165 1582 1201 lbi
1612 1166 1758 1202 loeutus
1784 1178 1864 1200 sum
1898 1178 1972 1200 non
2004 1164 2049 1200 ad
2072 1164 2377 1209 aedificationem,

1391 1225 1454 1261 sed
1476 1225 1521 1260 ad
1545 1225 1862 1269 destructionem3
1884 1237 1958 1260 non
1986 1223 2088 1272 quod
2116 1222 2293 1267 decebat,
2313 1223 2377 1259 sed

1391 1283 1493 1332 quod
1514 1283 1652 1319 libebat
1673 1299 1679 1319 :
1701 1285 1846 1320 loeutus
1861 1283 1975 1319 verba
1997 1296 2091 1319 vana
2107 1290 2142 1318 et
2162 1282 2251 1319 risui
2271 1290 2355 1331 apta
2370 1310 2379 1326 ,

1390 1341 1505 1378 verba
1522 1343 1641 1378 otiosa
1663 1351 1697 1378 et
1716 1343 1872 1378 inutilia.
1895 1342 2120 1379 Verbositati
2139 1341 2351 1378 deserviens
2366 1369 2375 1387 ‚

1391 1401 1613 1437 detractioni
1635 1401 1787 1437 studens
1802 1430 1810 1446 ,
1836 1415 1877 1437 os
1897 1415 2020 1437 meum
2043 1401 2238 1437 mendacio
2256 1409 2292 1437 et
2313 1400 2378 1437 de-

1393 1460 1574 1495 tractione
1608 1460 1814 1509 inquinavi.
1847 1461 1992 1508 Lingua
2027 1473 2109 1495 mea
2141 1460 2243 1495 omni
2271 1460 2378 1496 falla-

1392 1519 1444 1554 cia
1469 1519 1577 1567 plena
1599 1527 1672 1563 est,
1693 1527 1730 1555 et
1750 1520 1878 1555 nocuit
1906 1518 1994 1554 milii
2017 1519 2099 1567 plus
2121 1531 2230 1567 quam
2252 1519 2379 1554 omnia

1391 1577 1569 1614 membra.
1600 1581 1691 1614 Nam
1721 1592 1763 1614 ea
1790 1592 1873 1627 quse
1901 1578 2026 1614 audivi
2055 1578 2113 1614 vel
2147 1577 2240 1623 vidi,
2279 1591 2378 1614 nun-

1390 1652 1500 1687 quam
1517 1651 1562 1674 eo
1579 1637 1689 1674 modo
1707 1651 1782 1686 quo
1808 1638 1905 1674 dicta
1921 1637 1980 1673 vel
2001 1637 2093 1673 facta
2111 1645 2217 1682 sunt,
2240 1636 2378 1672 referre

1392 1710 1542 1747 possum
1577 1711 1583 1732 :
1616 1697 1678 1732 sed
1706 1697 1776 1732 alia
1808 1696 1953 1732 affirmo
1982 1709 2052 1745 pro
2080 1696 2181 1741 aliis,
2210 1704 2247 1731 et
2279 1708 2378 1745 saepe

1392 1756 1507 1791 multa
1544 1755 1726 1791 intersero
1759 1754 1972 1803 superssua3
2011 1762 2122 1802 atque
2158 1754 2208 1790 ita
2233 1754 2291 1789 vel
2317 1755 2374 1789 ni-

337 1819 446 1859 gnat,
465 1825 548 1847 cum
570 1812 683 1847 menti
698 1825 809 1848 nemo
829 1821 1023 1861 repugnat.
1046 1817 1326 1862 Nonnunquam
1348 1819 1374 1853 C
1396 1814 1509 1849 mium
1544 1813 1751 1857 laudando,
1779 1813 1838 1848 vel
1872 1812 2145 1861 vituperando,
2175 1812 2251 1848 sere
2283 1826 2379 1861 quo-

338 1884 427 1906 x‘cro
445 1871 547 1919 quod
571 1872 627 1920 egi
648 1872 683 1907 in
701 1885 862 1921 corpore
875 1901 884 1918 ,
904 1873 976 1908 hoc
993 1874 1234 1922 postmodum
1253 1874 1325 1909 im-

338 1938 501 1978 portuna
521 1931 747 1979 cogitatione
770 1945 878 1968 verso
897 1932 933 1967 in
957 1941 1082 1969 mente
1104 1938 1110 1968 ἐ
1136 1941 1171 1968 et
1191 1934 1327 1969 multo-

340 1989 406 2024 ties
439 1989 587 2037 gravius
623 1999 803 2039 torqueor
826 1991 864 2026 in
898 1991 1180 2037 recordatione,
1214 2006 1325 2041 quam

339 2049 443 2096 prius
471 2057 600 2098 captus
635 2050 776 2085 sueram
807 2050 844 2086 in
875 2051 1001 2099 operis
1033 2052 1323 2100 perpetratione.

338 2110 442 2157 Srepe
477 2109 585 2144 ctiam
608 2122 649 2144 ea
672 2121 755 2159 qnae
780 2122 972 2158 nunquam
1000 2109 1088 2155 feci,
1112 2123 1179 2146 nee
1200 2111 1235 2146 in
1258 2124 1326 2146 vo-

338 2168 480 2203 luntate
509 2167 642 2213 habui,
665 2169 715 2204 ita
740 2169 927 2218 recogito,
951 2170 1054 2218 quasi
1073 2171 1252 2218 poeniteat
1269 2184 1326 2206 me

338 2226 399 2261 illa
429 2240 502 2261 non
536 2227 674 2263 fecisse.
701 2226 758 2263 Ab
785 2228 940 2264 occultis
968 2229 1058 2264 meis
1086 2229 1224 2264 munda
1246 2242 1325 2276 ine,

339 2286 527 2329 Domine3
574 2286 752 2333 quoniam
789 2299 872 2321 cum
907 2287 996 2321 nihil
1030 2288 1194 2322 exterius
1235 2301 1324 2335 ago,

339 2344 439 2379 intus
466 2344 628 2391 graviter
651 2357 778 2393 pecco.
809 2348 848 2380 lu
872 2345 985 2381 corde
1011 2346 1109 2381 enim
1133 2359 1241 2381 servo
1263 2346 1327 2381 de-

340 2403 457 2452 picta,
485 2416 568 2451 quae
592 2403 666 2439 vidi
695 2412 731 2439 et
753 2404 832 2439 feci.
862 2404 951 2440 Ideo
983 2405 1244 2453 temporalium
1267 2418 1327 2440 re-

342 2473 422 2496 rum
461 2461 644 2497 tumultus
680 2462 717 2497 in
759 2462 872 2497 corde
908 2475 1056 2498 versare
1091 2476 1165 2498 non
1202 2476 1325 2508 cesso,

340 2520 450 2556 etiam
473 2533 556 2556 cum
583 2533 688 2556 vaco.
712 2524 753 2557 In
776 2521 999 2569 cogitatione
1023 2522 1122 2557 enim
1144 2523 1300 2558 comedo
1315 2550 1323 2566 ,

341 2591 424 2613 cum
448 2577 582 2626 jejuno
611 2593 617 2614 :

342 2637 566 2685 tranquillus
585 2650 665 2673 sum
693 2651 702 2674 x
728 2652 867 2687 corpus
889 2639 1105 2687 requiescit,
1128 2648 1163 2675 et
1184 2641 1328 2676 animus

342 2695 413 2730 liuc
436 2695 598 2744 illucque
616 2696 804 2732 discurrit.

393 2754 455 2789 ⁶28.
498 2758 548 2790 Ita
582 2755 693 2791 vitam
731 2756 837 2792 istam
873 2757 952 2792 sine
986 2757 1096 2806 culpa
1135 2770 1327 2806 nunquam

342 2813 498 2848 transire
523 2814 629 2861 potui
655 2828 661 2848 :
687 2827 754 2849 nee
779 2815 850 2851 hoc
869 2815 1020 2863 quidem
1041 2815 1142 2863 quod
1161 2816 1328 2852 laudabi-

340 2872 425 2906 liter
445 2871 540 2915 vixi,
563 2872 641 2907 sine
662 2873 788 2920 aliquo
809 2881 911 2908 reatu
934 2882 1010 2917 est,
1035 2874 1064 2909 si
1091 2883 1231 2910 remota
1253 2875 1327 2924 pie-

341 2938 414 2964 tate
442 2929 672 2966 discutiatur.
710 2934 763 2966 l)e
795 2932 1076 2969 necessitatibus
1103 2934 1194 2970 meis
1226 2936 1328 2984 eripe

342 3002 418 3033 me,
444 2989 612 3024 Domine.
643 2989 783 3026 Crebro
813 3004 974 3039 namque
1003 2992 1091 3028 dum
1120 2995 1328 3030 necessitati

341 3047 465 3083 debita
491 3048 646 3084 reddere
674 3049 827 3096 studeo,
856 3051 1061 3099 voluptatis
1091 3053 1182 3088 vitio
1203 3053 1328 3091 deser-

340 3107 402 3142 vio
439 3120 445 3141 ε
482 3106 551 3141 sul)
583 3107 769 3143 velamine
804 3110 1049 3156 necessitatis,
1080 3111 1172 3147 cado
1201 3113 1236 3148 in
1271 3114 1326 3149 la-

339 3179 477 3215 queum
509 3167 724 3215 voluptatis.
753 3169 960 3217 Swpissinw
991 3183 1152 3219 namque
1181 3173 1326 3209 comedi

338 3234 374 3260 et
399 3223 473 3260 bibi
506 3237 579 3259 non
611 3225 654 3260 ad
682 3227 958 3273 necessitatem,
984 3228 1046 3264 sed
1075 3229 1119 3264 ad
1150 3231 1327 3279 volupta—

339 3294 411 3320 μη]
444 3297 450 3317 τ
484 3292 516 3317 et
546 3284 646 3331 quod
673 3286 880 3321 necessitati
909 3287 995 3322 satis
1015 3296 1114 3333 erat,
1145 3290 1325 3338 voluptati

1393 1874 1459 1909 ties
1476 1873 1612 1921 loquor
1624 1902 1633 1918 ,
1651 1873 1823 1908 mentior.

1444 1933 1506 1969 29.
1541 1935 1680 1969 Guttur
1712 1931 1913 1968 insatiabili
1943 1931 2047 1967 ardet
2076 1931 2270 1981 ingluvie:
2294 1931 2379 1979 gula

1392 1993 1548 2029 diversis
1571 1991 1769 2042 saporibus
1793 1992 1917 2028 satiari
1939 2005 2013 2027 non
2036 1999 2172 2041 potest.
2194 1993 2267 2028 Cor
2288 2004 2379 2040 pra-

1393 2065 1479 2087 vum
1497 2080 1505 2096 ,
1527 2051 1615 2087 dolo
1636 2060 1672 2087 et
1690 2051 1828 2087 malitia
1847 2051 2024 2100 plenum,
2047 2063 2114 2100 per
2132 2063 2265 2099 puram
2287 2063 2380 2086 con—

1394 2112 1588 2148 sessionem
1615 2124 1775 2160 purgare
1807 2123 1996 2159 nunquam
2025 2109 2144 2159 potui.
2173 2113 2305 2146 Manus
2334 2110 2380 2146 ad

1393 2184 1488 2219 opus
1506 2184 1662 2219 pravum
1682 2171 1831 2205 suerunt
1849 2178 1987 2218 paratae
2003 2197 2012 2214 ‚
2030 2178 2065 2205 et
2081 2169 2127 2205 ad
2143 2169 2379 2218 operandum

1394 2229 1536 2265 bonum
1560 2230 1686 2278 pigrae.
1706 2229 1924 2265 Stomachus
1945 2236 1981 2264 et
2000 2228 2175 2264 intestina
2197 2227 2311 2263 nimio
2328 2228 2380 2263 ci-

1394 2287 1443 2323 bo
1465 2296 1500 2323 et
1521 2296 1612 2336 potu
1635 2300 1732 2336 saepe
1759 2295 1844 2322 sunt
1865 2286 2025 2322 distenta
2040 2314 2048 2330 ‚
2078 2294 2114 2321 et
2137 2285 2222 2321 idco
2248 2285 2379 2321 dolore

1395 2354 1481 2381 sunt
1511 2346 1633 2394 plena.
1668 2348 1757 2380 Nam
1793 2345 1894 2380 unde
1920 2345 2004 2392 gula
2033 2345 2257 2389 delectatur,
2293 2345 2379 2380 inde

1394 2412 1526 2439 venter
1558 2403 1730 2446 inflatur,
1764 2416 1900 2451 eorpus
1936 2403 2170 2447 infirmatur,
2209 2411 2245 2438 et
2281 2416 2380 2451 scepe

1395 2477 1495 2499 mors
1517 2463 1700 2511 sequitur.
1729 2466 1799 2499 Per
1821 2462 1916 2511 gulae
1939 2462 2225 2498 delectationem
2254 2462 2379 2498 corrui

1394 2523 1429 2558 in
1452 2523 1592 2558 ventris
1614 2523 1815 2572 ingluviem
1851 2537 1856 2557 :
1882 2531 1918 2558 et
1946 2522 2046 2558 unde
2069 2521 2182 2557 debui
2204 2522 2292 2557 milii
2313 2535 2381 2571 pa-

649 2579 785 2627 loquor
799 2607 807 2623 ,
837 2593 921 2615 cum
951 2588 1054 2615 taceo
1076 2595 1083 2615 ε
1107 2581 1271 2626 irascor,
1292 2582 1375 2616 etl)
1395 2595 1475 2617 rare
1502 2583 1655 2617 salutem
1671 2611 1679 2622 ,
1702 2582 1788 2617 inde
1809 2581 1975 2617 contraxi
1998 2581 2153 2616 nimium
2175 2579 2381 2616 comeden-

1395 2640 1444 2675 ‹lo
1476 2641 1690 2689 perniciem.
1724 2640 1842 2676 Pedes
1864 2639 2031 2676 velocius
2056 2652 2113 2674 me
2135 2647 2382 2688 portaverunt

1394 2700 1439 2735 ad
1471 2701 1631 2748 aliquam
1662 2700 1915 2736 curiositatem
1949 2697 2236 2748 speculandam,
2268 2711 2381 2747 quam

1394 2758 1439 2794 ad
1468 2759 1670 2794 ecclesiam.
1693 2759 1798 2795 Oculi
1820 2758 1949 2806 iniquo
1970 2757 2107 2793 intuitu
2138 2770 2196 2793 me
2221 2769 2379 2806 perver-

1396 2826 1543 2859 terunt,
1581 2831 1808 2865 omnemque
1844 2825 1987 2852 motum
2025 2816 2195 2864 corporis
2229 2816 2300 2851 mei
2333 2816 2379 2852 ad

1395 2876 1587 2913 immunda
1609 2876 1791 2912 desideria
1810 2884 2015 2912 traxerunt.
2034 2879 2153 2911 Aures
2172 2874 2280 2910 citius
2296 2887 2381 2924 ape-

1396 2936 1451 2971 rui
1473 2935 1596 2970 verbis
1617 2935 1746 2971 otiosis
1766 2944 1802 2971 et
1821 2935 1945 2978 vanis,
1967 2947 2077 2983 quam
2102 2933 2248 2969 sanctis.
2267 2934 2380 2969 Dele-

1395 3003 1514 3031 ctatus
1545 3002 1600 3029 est
1634 2994 1813 3029 odoratus
1848 2994 1951 3029 vanis
1983 2991 2185 3037 odoribus;
2225 3000 2376 3040 gustus,

1395 3054 1626 3090 diversarum
1651 3067 1771 3089 rerum
1795 3053 1950 3088 diversis
1967 3050 2164 3102 saporibus
2183 3065 2190 3087 :
2214 3064 2282 3086 nec
2302 3064 2379 3087 non

1395 3114 1528 3163 singuli
1550 3113 1610 3149 alii
1631 3126 1782 3155 sensus,
1806 3112 1865 3148 his
1885 3120 1919 3148 et
1941 3112 2012 3147 illis
2028 3140 2036 3156 ,
2052 3111 2159 3159 juxta
2177 3110 2279 3159 quod
2297 3111 2378 3146 cui-

1393 3187 1466 3222 que
1484 3186 1572 3209 suus
1594 3171 1734 3208 serebat
1752 3172 1952 3221 appetitus.
1979 3174 2051 3215 Ita,
2069 3173 2169 3206 Deus
2191 3182 2316 3214 meus,
2338 3169 2376 3205 in

1393 3232 1568 3268 omnibus
1586 3231 1762 3268 membris
1781 3231 1871 3267 meis
1892 3239 2033 3266 naturae
2052 3228 2205 3265 modum
2224 3229 2376 3265 excessi.

1393 3292 1524 3328 Omnia
1558 3291 1725 3326 membra
1753 3303 1831 3326 mea
1862 3291 1963 3326 velut
1991 3288 2252 3337 conjuratione
2284 3288 2377 3324 sacta
