2504 3928
346 113 414 147 227

345 189 517 224 alimenta
544 189 724 224 ministrat
747 187 886 221 amori?
907 190 1011 222 'func
1037 188 1134 223 euim
1157 198 1191 225 et
1218 191 1329 239 spiri·

1107 115 1395 150 GtLthBtztrt‘t
1427 118 1623 151 :tltttx'ttS

2308 117 2382 153 228

1401 191 1479 226 sine
1504 192 1739 227 consortibus
1768 192 1852 228 suis.
1883 193 2084 239 Quomodo
2102 193 2200 228 enim
2228 205 2384 229 consors

349 248 481 282 tualius
498 256 531 282 et
553 248 741 295 profusius
763 246 915 292 ungitur
931 246 1077 292 anima,
1095 261 1178 283 cnm
1201 249 1249 283 illi
1271 249 1333 297 qui
1352 251 1377 282 Λ
1398 258 1451 285 est
1466 279 1474 295 ,
1494 251 1650 298 quinon
1673 252 1964 298 congratulatur,
1983 265 2057 287 nou
2079 251 2305 299 congaudet,
2319 252 2384 300 qui

349 315 483 341 unctus
508 314 561 340 est
589 305 719 353 spiritu
748 313 784 338 et
811 304 968 349 vii-uuo,
992 306 1127 342 arctius
1148 305 1330 355 jungitur.

351 368 454 399 ‘func
474 365 660 412 pra-cipue
679 362 816 398 dilecto
834 363 966 411 placet,
979 372 1066 399 tunc
1085 366 1234 401 suavius
1249 366 1335 401 red—

352 424 450 467 olet,
472 436 555 458 eum
581 430 655 457 tota
684 422 793 457 luerit
820 422 855 457 in
887 423 1005 471 ipsum
1028 424 1228 470 transfusa,
1251 438 1334 461 cum

351 483 543 518 adlnertns
575 483 648 527 illi,
681 483 830 518 unionis
853 483 986 531 fragrat
1016 492 1232 530 ungat-nm,
1264 498 1336 521 un—

354 551 493 590 guento
519 543 580 577 illo
607 542 708 591 quod
733 542 778 578 de
803 556 941 592 sponso
961 543 1145 579 redundat
1166 546 1201 580 in
1220 558 1337 594 spon-

352 614 444 636 sam.
467 602 638 638 Jueunde
655 602 810 637 ‹uunino
830 610 866 637 et
883 603 1044 638 suaviter
1065 604 1207 639 redolet
1224 605 1338 640 colia-

355 659 484 696 bitatio
504 661 570 696 ista
591 661 626 696 in
646 674 780 704 unum,
799 663 889 696 sicut
910 672 1132 709 unguentum
1151 667 1188 698 in
1203 669 1337 711 capite,

353 722 456 765 qaod
472 721 674 763 descendit,
694 728 762 754 etc.
779 719 868 755 Ideo
882 722 1246 768 odorunguentorum
1264 727 1341 767 ejus

352 792 460 826 saper
476 783 601 813 munia
622 787 803 814 aromata.
826 782 870 814 Et
887 779 915 814 si
934 788 1123 827 unguenta
1144 779 1212 828 ipsi
1231 781 1340 816 etiam

353 851 499 886 sponsa·
522 838 590 873 alia
612 838 707 881 sint3
733 838 833 872 nulla
861 837 945 872 talia
964 846 1049 873 sunt
1064 866 1072 882 ,
1094 838 1202 885 quale
1225 839 1340 884 illud,

353 896 456 944 quod
473 895 663 931 descendit
685 896 720 931 in
740 896 880 944 ipsam,
902 895 992 931 liora
1013 895 1079 930 bac
1095 895 1255 932 maxime
1271 909 1343 945 qua

1401 310 1606 357 resurgenti
1637 323 1712 345 non
1736 310 1928 358 consurgit
1960 311 1995 345 in
2031 323 2167 346 novam
2197 311 2386 346 laetitiam?

1401 373 1623 417 Opportuna
1646 367 1797 416 quidem
1816 369 1962 404 occasio
1977 368 2023 403 de
2045 367 2244 416 unguentis
2261 367 2386 404 vobis—

1401 441 1484 463 cum
1519 427 1725 472 disserere,
1759 427 1822 463 sed
1868 428 1988 463 multo
2025 428 2138 475 magis
2172 435 2388 476 opportuna

1404 487 1604 534 unguentis
1624 486 1804 522 redolere.
1833 489 1908 523 Vos
1937 486 2081 534 exigitis
2109 499 2128 522 a
2155 499 2212 521 me
2243 497 2388 522 sermo—

1403 558 1512 590 nem,
1534 554 1569 581 et
1590 559 1658 594 ego
1675 559 1695 582 a
1720 545 1827 581 vobis
1848 553 2125 593 unguentorum
2146 544 2301 580 odorem
2321 543 2390 580 de-

1404 616 1531 652 posco.
1549 608 1630 651 Qua
1653 604 1797 639 ratione
1813 617 1896 639 cum
1918 603 2055 639 sanctis
2074 602 2295 638 mulieribus
2310 605 2390 639 Do-

1406 663 1496 697 mini
1510 667 1596 698 Jesn
1612 663 1854 711 frequentatis
1871 669 2157 697 monumentum
2170 689 2179 707 ,
2198 661 2227 697 si
2246 661 2389 698 nullum

1405 721 1597 769 spirituale
1628 721 1779 757 defertis
1807 720 1851 756 ad
1885 719 1975 756 illud
2008 720 2268 768 unguentum?
2297 722 2392 757 Caro

1405 778 1557 814 Domini
1590 778 1700 813 bodie
1729 778 1889 827 gloriose
1921 785 1977 813 est
2011 778 2205 813 immutata
2238 785 2394 826 propter

1408 836 1544 872 oleum.
1576 840 1706 873 Nonne
1739 836 1967 885 condignum
2000 835 2172 880 videtur,
2207 843 2250 871 ut
2278 835 2394 872 corda

1409 903 1535 930 nostra
1562 895 1807 932 immutentur
1838 903 1874 931 et
1905 902 2173 931 convertantur
2204 894 2241 930 in
2269 894 2394 930 oleum

352 955 487 990 dilecto
511 954 694 998 colum-et,
717 954 869 1002 (plaudo
899 954 994 990 iuter
1017 953 1096 1002 ejus
1121 953 1235 990 ubera
1261 968 1341 991 mo-
1364 952 1391 985 B
1407 955 1622 1003 spirituale,
1652 954 1687 990 in
1712 955 1836 990 oleum
1868 953 2126 990 exsultationis
2164 961 2201 989 et
2235 953 2396 990 laetitiae?

353 1022 475 1056 ratur,
498 1013 649 1062 qtuindo
670 1013 779 1049 cubat
808 1015 844 1049 in
872 1014 1073 1049 secretario
1094 1013 1218 1050 cordis
1240 1028 1247 1049 :
1273 1014 1340 1050 de-

354 1073 467 1121 nique
496 1072 649 1121 quando
686 1085 749 1108 rcx
783 1080 837 1107 est
870 1072 905 1107 in
931 1071 1106 1107 accubitu
1129 1085 1216 1116 suo,
1255 1080 1343 1109 tunc

353 1131 492 1166 nardus
520 1144 666 1179 sponsae
687 1130 828 1179 spargit
847 1129 1002 1165 odorem
1024 1142 1155 1173 suum,
1185 1129 1342 1166 odorem

355 1189 496 1225 bonum
524 1202 636 1237 super
657 1189 783 1225 omnia
805 1196 990 1233 aromata,
1012 1187 1168 1223 odorem
1191 1189 1341 1237 sponsi,

358 1249 473 1295 magis
505 1261 594 1283 vero
626 1248 780 1283 odorem
817 1259 1008 1296 sponsum.
1044 1250 1128 1295 Ipse
1159 1255 1215 1283 est
1245 1248 1343 1284 enim

356 1307 499 1343 ditectae
530 1320 605 1342 sua?
635 1315 889 1354 unguentum,
912 1306 989 1354 ipse
1016 1313 1071 1341 cst
1100 1305 1197 1341 odor
1225 1320 1231 1340 :
1260 1319 1344 1342 nam

357 1367 436 1414 ipse
458 1366 493 1401 in
516 1365 649 1400 dilecta
670 1377 734 1400 sua
752 1364 960 1412 complacet
979 1362 1046 1400 sibi
1061 1392 1070 1408 ‚
1090 1363 1168 1413 ipse
1190 1365 1345 1401 redolet.

358 1428 479 1471 Atque
501 1422 641 1458 utinam
661 1430 894 1469 unguentum
916 1421 987 1457 hoe
1007 1421 1053 1456 de
1073 1421 1194 1470 capite
1218 1431 1347 1458 nostro

359 1494 434 1516 non
452 1480 635 1523 discedat,
658 1488 694 1516 et
710 1479 837 1515 odoris
857 1478 938 1526 ejus
962 1479 1085 1515 sumus
1107 1480 1282 1516 ascendat
1302 1481 1348 1517 de

357 1539 534 1575 cordibus
553 1539 689 1575 nostris
703 1539 737 1574 in
759 1539 893 1574 saecula
911 1539 1145 1574 saeculorum.
1164 1542 1293 1575 Amen.

357 1659 1348 1671 ιιιιιιιιιιιιιιιιιιιιιιιιιιιιιιιιιιιιιιιιιιιιιιιιιιιιιιιιιιιιιιιιιιιιιι

561 1772 813 1828 SERMO
868 1774 1144 1827 XXXIII.

421 1903 508 1935 Odor
525 1911 751 1947 unguentorum
771 1911 890 1933 tuorum
906 1915 999 1947 super
1016 1904 1120 1933 υιηηῐη
1141 1912 1294 1934 aromala.

642 1957 760 1987 Cantic.
785 1966 853 1997 cap.
887 1968 930 1992 iv,
956 1954 994 1991 ,in
1023 1960 1073 1986 to.

786 2075 969 2089 QODOoeff-

420 2190 445 2224 l.
474 2188 559 2223 Dies
579 2186 646 2222 ista
674 2185 878 2221 Dominicae
907 2185 1205 2221 Resurrectionis
1230 2199 1353 2222 annua

366 2245 580 2282 celebritate
609 2245 785 2280 solemnis
797 2272 805 2287 ,
823 2244 868 2279 de
891 2245 1089 2292 unguentis
1107 2245 1266 2294 repetito
1284 2254 1355 2281 tra—

364 2313 463 2341 ctatu
497 2316 554 2338 me
583 2303 772 2351 compellit
798 2303 1004 2338 instaurare
1025 2316 1250 2340 sermonem.
1279 2308 1353 2341 Ve—

365 2365 474 2400 niunt
504 2362 613 2398 bodie
635 2362 809 2397 mulieres
836 2374 920 2397 cum
950 2361 1180 2397 aromatibus
1199 2369 1207 2382 ¹
1222 2391 1231 2408 ‚
1253 2363 1355 2398 venit

366 2431 403 2458 ct
423 2421 649 2457 Nicodemus
668 2421 788 2456 ferens
809 2420 1008 2456 mixturam
1028 2420 1186 2468 myrrliae
1204 2429 1240 2456 et
1254 2421 1354 2457 aloes

366 2481 470 2529 quasi
495 2479 606 2515 libras
633 2487 780 2514 centum
805 2485 816 2499 ²
849 2493 856 2513 ε

367 2538 548 2589 prfevenit
569 2551 708 2586 ungere
737 2550 874 2586 corpus
896 2540 982 2573 Jesu
1009 2537 1046 2573 in
1079 2538 1307 2587 sepulturam
1328 2536 1340 2558 3

366 2599 507 2637 Videtis
525 2606 665 2646 quanta
681 2598 853 2645 mysteria
868 2596 1106 2633 celebrantur
1124 2597 1161 2632 in
1182 2611 1355 2645 unguen-

368 2659 423 2694 tis.
454 2661 584 2706 Magna
612 2657 810 2705 mysteria,
832 2665 868 2693 et
897 2657 978 2705 quis
1006 2656 1052 2692 ad
1082 2657 1149 2692 ista
1170 2656 1356 2692 idoneus?

367 2717 458 2764 Quis
482 2717 592 2765 digne
610 2724 888 2764 unguentorum
917 2714 1119 2763 assignabit
1146 2714 1355 2751 distinctio-

369 2789 452 2810 nem
471 2803 479 2819 ,
515 2775 782 2824 proprietatem
815 2775 1004 2823 exponet?
1036 2774 1250 2823 Disputatio
1279 2774 1357 2810 baee

368 2833 596 2881 experientis
617 2840 692 2876 est,
718 2844 792 2866 non
815 2831 1059 2879 conjicientis.
1081 2835 1162 2868 Non
1183 2840 1237 2867 est
1256 2831 1354 2867 enim

369 2891 472 2926 facilc
489 2891 660 2938 cuiquam
683 2890 727 2925 de
749 2890 947 2938 unguentis
966 2898 1142 2936 tractare,
1157 2890 1226 2926 nisi
1244 2903 1355 2938 quem

369 2951 445 2999 ipsa
464 2949 634 2984 docuerit
651 2949 789 2984 unctio.
813 2949 931 2984 Hodie
952 2957 1085 2985 unctus
1101 2957 1155 2985 cst
1172 2950 1356 2986 Dominus

367 3010 450 3044 oleo
478 3007 612 3043 taetitiae
643 3021 720 3055 prae
748 3007 985 3044 consortibus
1013 3009 1106 3053 suis,
1130 3021 1205 3045 non
1231 3016 1354 3044 tamen

419 3146 422 3157 ¹
451 3141 546 3169 Marc.
571 3149 644 3174 xvi,
673 3141 698 3168 1.
727 3156 765 3159 -—
794 3144 803 3158 ²
827 3142 916 3169 Joau.
943 3150 996 3168 xix

371 3195 417 3220 ib.
466 3210 471 3211 ν
494 3189 716 3231 Tl'ltilipp.1v.
745 3193 782 3227 ¹0,
801 3194 829 3220 J).

1367 1718 1578 1766 Cloquitur
1614 1718 1661 1753 ad
1694 1717 1916 1766 proplietam

1407 1013 1644 1049 Institueram
1677 1013 1722 1048 de
1749 1012 1950 1060 unguentis
1981 1023 2192 1048 sermonem
2209 1038 2219 1056 ,
2247 1019 2285 1047 et
2310 1024 2396 1047 ecce

1408 1071 1612 1120 disputatio
1640 1080 1768 1107 nostra
1796 1071 1901 1106 haesit
1932 1071 1968 1105 in
2000 1070 2097 1106 olco.
2131 1072 2176 1107 Et
2198 1069 2288 1118 quid
2312 1070 2397 1107 oleo

1409 1143 1492 1166 cum
1514 1130 1741 1179 unguentis?
1758 1129 1918 1165 Multum
1939 1127 2111 1177 quidem,
2131 1136 2168 1164 et
2184 1128 2214 1164 si
2237 1140 2311 1164 non
2329 1140 2398 1177 per

1409 1202 1559 1224 omnem
1595 1189 1749 1225 modum
1781 1188 1879 1224 idem
1909 1195 1988 1232 est,
2018 1187 2161 1223 accedit
2195 1195 2318 1223 tamen
2351 1200 2398 1224 ex

1411 1256 1515 1297 parte
1546 1248 1669 1296 aliqua
1697 1256 1734 1283 et
1761 1246 1986 1283 assimilatur
2019 1245 2083 1282 eis.
2114 1246 2247 1283 Oleum
2272 1246 2396 1292 enim,

1412 1306 1582 1354 quamvis
1599 1319 1675 1342 non
1693 1307 1851 1355 fragrat,
1874 1305 2017 1354 mitigat
2039 1313 2161 1341 tamen
2181 1319 2188 1341 :
2210 1317 2286 1340 non
2303 1303 2400 1342 bene

1412 1365 1506 1410 olet,
1528 1365 1591 1400 sed
1620 1364 1716 1401 bene
1746 1364 1898 1413 ungeris
1924 1377 1969 1399 ex
1989 1376 2046 1399 eo.
2074 1363 2144 1400 Hie
2171 1371 2294 1400 autem
2323 1377 2399 1400 non

1414 1430 1487 1458 tam
1519 1423 1735 1459 unctionem
1768 1436 1879 1472 quam
1910 1421 2066 1458 odorem
2096 1421 2334 1458 commendat
2361 1422 2399 1458 in

1413 1483 1614 1530 unguentis
1638 1495 1796 1531 sponsae.
1827 1484 1876 1517 Et
1894 1482 1995 1524 odor,
2025 1481 2165 1529 inquit,
2192 1490 2399 1528 unguento-

1413 1554 1491 1575 rum
1513 1551 1656 1576 tuorum
1671 1554 1780 1588 SIIIJCI‘
1799 1544 1922 1576 (nullia
1940 1549 2122 1575 (11⁴Olllsslll·

1467 1600 1501 1636 2.
1519 1604 1602 1636 Non
1631 1600 1754 1636 omnis
1774 1600 1898 1635 anima
1919 1597 2118 1634 odoriferis
2138 1597 2306 1634 abundat
2325 1611 2399 1635 un-

1415 1660 1585 1707 guentis,
1614 1659 1710 1695 sieut
1738 1667 1774 1694 et
1808 1658 1943 1694 mulier
1972 1658 2032 1693 illa
2062 1657 2099 1692 in
2131 1661 2275 1706 Regum
2305 1657 2403 1694 libro

1951 1729 1958 1750 :
1991 1718 2074 1752 Non
2113 1726 2165 1751 est
2211 1720 2249 1751 in
2296 1719 2404 1752 domo

1415 1791 1497 1812 mea
1528 1781 1598 1812 m'si
1622 1778 1822 1824 paululum
1849 1777 1918 1810 olel
1941 1789 2012 1823 quo
2041 1788 2161 1823 ungar
2178 1775 2204 1811 ⁴.
2226 1779 2308 1812 Non
2335 1775 2403 1812 ha-

1416 1835 1479 1871 bet
1508 1836 1585 1871 liaec
1613 1836 1746 1872 mulier
1773 1842 1962 1883 unguenta
1987 1834 2185 1871 odoriferis
2211 1833 2406 1883 speciebus

1417 1895 1642 1944 composita,
1680 1893 1744 1930 sed
1776 1894 1899 1929 oleum
1929 1893 1975 1929 ad
2005 1892 2220 1929 unctionem
2247 1894 2404 1943 simplex

1420 1962 1457 1989 ct
1494 1954 1682 2002 exiguum.
1727 1952 1842 1989 Maria
1870 1951 2117 2000 Magdalene,
2158 1965 2234 1988 non
2269 1952 2407 2001 Legis,

1421 2013 1484 2049 sed
1505 2013 1716 2061 evangelica
1733 2012 1878 2057 mulier,
1896 2019 2127 2060 unguentum
2152 2011 2272 2047 defert
2301 2011 2408 2048 nardi

1420 2072 1549 2120 spicati
1571 2072 1742 2120 pretiosi,
1768 2084 1837 2106 nec
1855 2071 2050 2118 exiguum,
2070 2069 2135 2106 sed
2159 2069 2290 2106 libram
2311 2070 2407 2106 inte-

1420 2143 1522 2179 gram
1547 2128 1571 2164 5.
1593 2133 1638 2165 Et
1657 2130 1735 2178 ipse
1761 2129 1887 2165 Simon
1911 2128 2146 2177 redarguitur
2172 2141 2192 2164 a
2220 2129 2409 2175 Domino,

1420 2187 1523 2236 qnod
1548 2200 1616 2224 nec
1635 2188 1720 2223 olco
1745 2187 1894 2235 quidem
1925 2195 2038 2236 caput
2057 2186 2137 2235 ejus
2164 2188 2407 2236 perunxerit,

1420 2260 1503 2282 cum
1527 2247 1587 2282 illa
1606 2255 1717 2295 caput
1734 2245 1815 2294 ejus
1842 2246 2050 2295 perfuderit
2075 2254 2268 2294 unguento
2291 2245 2318 2282 ⁵.
2341 2246 2408 2283 Vi-

1419 2305 1484 2341 des
1515 2305 1709 2353 quomodo
1739 2313 1931 2353 unguenta
1959 2305 2043 2340 oleo
2075 2304 2342 2353 praeferuntur,
2370 2312 2408 2341 et

1419 2364 1607 2400 odorifera
1646 2365 1860 2412 unguenta?
1896 2367 1986 2400 Nam
2028 2372 2166 2412 praeter
2198 2363 2269 2400 lioc
2305 2363 2407 2412 quod

1420 2422 1609 2458 unctionis
1629 2422 1766 2458 habent
1786 2422 1959 2458 effectum
1973 2449 1982 2466 ‚
2004 2421 2167 2470 quodam
2190 2421 2317 2458 odoris
2335 2421 2409 2471 spi—

890 2478 1003 2514 Maria
1032 2478 1250 2526 'Magdalene
1278 2480 1357 2528 ipsa
1374 2485 1406 2517 D
1425 2482 1564 2517 ritualis
1581 2480 1996 2530 beneficiopraerogant.
2010 2481 2148 2517 Unctio
2159 2480 2310 2530 quidem
2325 2493 2409 2530 par-

1421 2540 1500 2575 cior
1519 2548 1590 2584 est,
1618 2539 1682 2575 sed
1711 2540 1908 2588 fragrantia
1932 2553 1970 2576 se
2000 2539 2177 2576 diffundit
2205 2539 2242 2575 in
2266 2540 2407 2589 plures.

1422 2599 1540 2636 Etiam
1555 2598 1729 2647 quisolus
1742 2599 1909 2648 ungitur,
1919 2612 1996 2635 non
2009 2599 2108 2635 solus
2119 2598 2264 2634 odorat.
2281 2599 2408 2636 Virtus

1422 2658 1487 2693 ista
1508 2658 1720 2694 communis
1739 2666 1811 2704 est,
1831 2658 1860 2694 si
1880 2658 1918 2694 in
1938 2671 2068 2694 omnes
2083 2671 2122 2694 se
2142 2658 2292 2707 spargit.
2309 2660 2409 2706 Ergo

1422 2716 1551 2752 unctio
1572 2715 1663 2760 tibi,
1691 2715 1788 2752 odor
1813 2725 1850 2752 et
1870 2717 1950 2752 aliis
1977 2725 2014 2752 et
2037 2716 2117 2752 tibi.
2138 2719 2237 2752 Bene
2257 2717 2410 2765 ungitur

1422 2783 1458 2811 et
1476 2774 1570 2810 bene
1591 2774 1753 2819 redolet,
1775 2776 1839 2823 qui
1860 2775 1980 2824 diligit
1997 2774 2096 2810 bona
2116 2787 2242 2810 coram
2264 2778 2357 2820 Deo,
2372 2783 2409 2811 et

1421 2833 1594 2882 providet
1625 2832 1723 2869 bona
1750 2846 1875 2869 coram
1897 2832 2124 2869 hominibus.
2151 2835 2332 2877 Gaudete,
2354 2832 2410 2868 in-

1421 2892 1501 2940 quit
1522 2892 1671 2937 Paulus,
1691 2897 1729 2927 in
1746 2895 1901 2927 Domino
1921 2905 2065 2939 semper
2077 2906 2089 2935 ;
2114 2900 2147 2926 ec
2164 2895 2292 2938 iterum
2309 2893 2406 2935 dict),

1417 2952 1574 2997 gaudete
1599 2963 1610 2983 .·
1635 2951 1808 2985 modestia
1828 2958 1951 2984 vestra
1972 2958 2057 2984 nota
2074 2954 2122 2984 sit
2140 2947 2307 2984 omnibus
2337 2949 2407 2984 lio-

1421 3009 1580 3044 minibus
1607 3016 1633 3043 7.
1666 3008 1852 3047 Gaudium
1886 3007 1932 3043 ad
1966 3015 2177 3056 unguenta,
2211 3007 2402 3043 modestiae

1013 3164 1018 3172 .
1047 3143 1098 3169 stt).
1119 3160 1156 3163 —
1180 3138 1192 3161 3
1211 3142 1308 3170 Marc.
1333 3151 1404 3181 xiv,
1427 3141 1699 3181 8.--41Υ1ὶι-ς.
1725 3151 1769 3178 iv,
1792 3144 1819 3170 ¹).
1838 3158 1870 3161 ⁷—
1900 3137 1912 3160 5
1930 3142 2019 3170 Joan.
2036 3150 2097 3175 xit,
2119 3141 2150 3168 3.
2167 3156 2206 3159 ——-
2228 3135 2243 3159 ὗ
2258 3140 2330 3168 Luc.
2348 3148 2404 3175 vn,
