2504 3928
364 438 520 471 Confessio
544 437 721 479 ptrnitentis
741 436 781 466 de
797 446 868 466 cura
888 436 987 465 carnis
1001 459 1008 472 ,
1029 442 1059 466 et
1077 436 1156 466 vitiis
1173 436 1258 475 gula·-

370 552 430 586 ssss.
452 549 638 596 Quoniam
660 547 774 583 verba
800 547 1019 583 delictorum
1043 560 1209 582 meorum
1235 561 1304 583 au-

317 612 396 647 dire
426 622 501 645 non
533 608 762 657 dedignaris,
786 607 849 642 sed
880 607 1064 656 patienter
1091 607 1275 642 auscultas
1292 635 1301 650 ,

319 669 423 705 fateri
451 675 599 717 oportet
621 666 723 715 quod
744 665 864 701 adhuc
887 664 1077 700 fatendum
1111 673 1178 699 est.
1212 668 1303 700 Cum

317 727 539 778 supradictis
564 726 784 762 consiliariis
805 725 944 774 iniquis
965 733 1001 760 et
1023 725 1148 773 iniqua
1169 737 1305 760 eonsu-

317 786 480 823 lentibus
507 785 722 834 acquiesco,
743 792 931 820 eteorum
962 783 1115 818 consilia
1148 782 1306 818 libenter

317 847 479 896 recipi03
504 845 638 881 adsunt
658 843 782 880 subito
813 843 1057 892 cogitationes
1080 855 1227 890 pravae,
1250 855 1305 877 as-

316 913 474 954 surgunt
493 904 707 940 affectiones
723 914 927 952 perversae,
945 901 1102 936 multum
1125 900 1303 945 sollicitae,

316 965 380 1001 sed
413 976 544 1013 parum
567 962 754 1005 discretae,
779 960 971 1010 quomodo
1003 972 1153 995 carnem
1185 972 1303 994 meam

316 1022 575 1060 delicatissime
619 1021 762 1056 foveam
783 1034 793 1066 3
838 1032 922 1068 quae
959 1026 1306 1066 quantumcumque

315 1081 532 1119 suavissime
562 1079 774 1123 nutriatur,
808 1090 956 1126 semper
981 1090 1066 1113 caro
1095 1085 1161 1112 est.
1200 1076 1304 1113 Offe-

316 1150 404 1178 runt
437 1140 526 1176 mihi
553 1138 829 1175 inlirmitorium
854 1151 860 1172 :
885 1136 948 1172 sed
983 1136 1162 1184 quoniam
1194 1143 1303 1184 turpe

314 1209 369 1237 est
395 1201 431 1237 in
458 1200 522 1236 illo
551 1198 614 1234 diu
647 1210 889 1247 permanere,
916 1195 1109 1245 equitandi
1136 1195 1303 1231 occasio-

315 1273 400 1297 nem
420 1266 615 1308 quaerunt,
645 1266 680 1293 et
710 1257 920 1293 inveniunt.
955 1258 1030 1291 Nec
1060 1268 1187 1299 mora,
1216 1254 1302 1302 equi

314 1327 521 1369 parantur,
552 1317 630 1353 cadi
655 1317 882 1365 implentur,
904 1314 1065 1362 hospitia
1093 1313 1302 1361 eliguntur,

313 1386 350 1414 et
378 1391 462 1426 quae
488 1384 574 1413 sunt
595 1374 801 1410 necessaria
821 1373 859 1408 in
881 1373 957 1417 via,
979 1372 1140 1420 ligantur
1169 1380 1204 1407 et
1235 1385 1305 1420 pa-

315 1445 459 1473 rantur.
493 1439 638 1479 Vocor,
671 1441 707 1469 et
740 1440 894 1467 vocatus
929 1430 1052 1466 venio.
1091 1429 1307 1478 Injungitur

316 1495 405 1530 mihi
423 1492 636 1529 obedientia
657 1492 718 1527 illa
739 1505 745 1526 :
767 1504 835 1539 ego
853 1503 944 1526 vero
965 1497 1135 1525 metuens
1155 1502 1201 1524 ex
1223 1501 1306 1524 meo

316 1553 502 1590 desiderio
533 1552 733 1596 vilescere,
767 1562 897 1586 recuso
934 1561 1025 1594 ore,
1060 1547 1162 1597 quod
1196 1547 1308 1583 corde

317 1613 515 1658 desider03
538 1612 733 1661 acquiesco
755 1620 932 1660 tanquam
953 1618 1125 1653 coactus,
1159 1617 1195 1645 ct
1226 1609 1310 1645 ideo

318 1676 424 1711 laetus
444 1673 627 1719 ascendo,
649 1681 685 1710 et
711 1673 782 1708 iter
801 1671 954 1720 arripio.
978 1670 1074 1707 Proh
1097 1669 1224 1705 dolor!
1249 1682 1310 1705 re-

321 1735 406 1783 ligio
428 1733 680 1782 relinquitur,
701 1740 737 1768 et
758 1731 944 1767 silentium
968 1729 1156 1778 rumpitur
1187 1743 1195 1765 z
1227 1729 1312 1764 hinc

321 1793 407 1829 inde
427 1793 555 1828 volant
577 1791 692 1828 verba
721 1804 817 1827 vana
846 1798 882 1825 et
906 1789 1072 1833 inutilia,
1096 1788 1248 1823 forsitan
1275 1795 1312 1824 et
1331 1788 1357 1823 C

320 1851 555 1889 detractoria.
577 1851 635 1887 Sic
655 1847 932 1886 confabulando
958 1860 1056 1896 saepe
1077 1846 1313 1882 consumitur

321 1910 400 1947 dies
424 1910 579 1958 integra.
612 1908 731 1944 Venio
763 1906 808 1943 ad
840 1906 1064 1955 hospitium,
1094 1904 1238 1941 assideo
1267 1904 1312 1940 ad

322 1983 509 2015 mensam,
532 1968 735 2018 apponitur
756 1966 862 2016 panis
889 1965 996 2002 albus
1024 1973 1060 2001 et
1084 1965 1214 2001 vinum
1243 1964 1314 2001 bo-

324 2043 411 2065 num
425 2058 433 2074 ‚
454 2029 562 2079 piscis
579 2036 616 2064 et
632 2040 778 2071 caseuS,
795 2038 884 2071 ova,
905 2034 976 2061 etc.
996 2028 1142 2061 Interea
1159 2024 1316 2060 recurrit

322 2089 468 2125 animus
496 2100 601 2124 meus
623 2087 668 2123 ad
691 2087 820 2122 fratres
840 2085 904 2133 qui
924 2092 1011 2121 sunt
1038 2084 1075 2119 in
1098 2092 1312 2128 conventu,

323 2157 360 2185 et
379 2162 491 2197 grave
509 2156 563 2183 est
582 2147 671 2182 mihi
690 2154 731 2182 ut
758 2144 984 2180 dissimiliter
1003 2143 1049 2179 ab
1075 2143 1126 2179 eis
1145 2143 1313 2187 reficiam

324 2216 359 2243 et
377 2207 508 2256 epuler
527 2204 724 2255 splendide
737 2232 746 2249 ,
764 2204 834 2239 illis
856 2202 958 2238 aride
978 2201 1230 2238 reficientibus
1254 2215 1260 2236 ε
1282 2208 1318 2236 et

325 2265 513 2301 remordet
552 2278 609 2300 me
652 2262 879 2299 conscientia
914 2274 994 2297 mea
1019 2290 1027 2305 ‚
1070 2262 1099 2296 si
1132 2273 1200 2309 pro
1236 2259 1318 2295 faba

325 2325 485 2374 piscem,
507 2324 534 2359 si
558 2337 627 2372 pro
657 2336 746 2372 cepe
770 2335 833 2357 seu
860 2321 962 2356 milio
991 2333 1160 2364 caseum,
1189 2319 1217 2355 si
1248 2333 1317 2368 pro

327 2383 419 2419 mica
437 2382 630 2431 gastellum
654 2381 698 2417 ad
726 2380 968 2416 refectionem
998 2390 1166 2422 sumam,
1203 2377 1232 2412 si
1262 2377 1319 2412 vi-

326 2454 415 2477 num
435 2440 559 2476 bibam
573 2469 582 2485 ,
601 2448 637 2475 et
655 2440 784 2474 fratres
803 2450 949 2486 aquam.

379 2500 440 2535 67.
461 2499 556 2536 Gula
577 2511 667 2534 vero
691 2495 978 2546 exspectationis
1010 2493 1230 2543 impatiens,
1259 2494 1318 2529 in<

921 174 1202 211 ‘rRACTATts
1232 177 1294 210 DF.
1323 174 1571 209 iwrtetuonl
1605 174 1751 207 DOMO.

1348 250 1361 266 ⁰
1374 250 1467 285 sicut
1489 249 1667 298 scriptum
1684 256 1739 283 est
1759 261 1766 282 z
1789 246 2023 281 Commu-mes
2041 255 2075 281 et
2097 245 2255 282 bibentes
2271 261 2358 295 quar

1325 317 1351 348 Α
1372 311 1478 357 apud
1493 311 1574 343 illos
1598 316 1682 342 sunt
1703 313 1725 342 ¹.
1750 309 1826 355 Ego
1847 318 1937 341 vero
1967 304 2022 340 his
2053 305 2359 354 persuasionibus

2283 171 2356 206 73‹;

1373 370 1514 412 victus,
1549 366 1786 402 connnunico
1816 373 1852 401 et
1883 364 2065 414 participo
2096 378 2180 400 cum
2211 365 2359 414 hospite

1373 442 1441 477 pro
1471 427 1630 476 hospite.
1650 429 1693 461 Et
1711 425 1886 473 quoniam
1907 423 1952 459 de
1967 424 2088 459 alieno
2117 424 2359 470 ministratur,

1372 495 1404 522 ct
1426 500 1499 522 non
1522 486 1567 520 (le
1593 484 1769 534 proprio3
1791 482 1926 532 incipio
1950 483 2038 518 mihi
2058 496 2136 518 esse
2157 483 2359 532 indulgen-

1373 546 1469 590 tior,
1497 553 1532 579 et
1561 557 1673 579 manu
1703 542 1854 591 largior.
1882 546 2092 590 Prosequor
2112 555 2257 578 causam
2291 555 2359 591 pro

1370 618 1441 653 qua
1470 604 1552 639 veni
1583 602 1628 638 ad
1660 615 1838 638 mensam.
1875 604 1966 637 Nam
1999 601 2155 637 comedo
2194 610 2230 638 et
2270 601 2358 638 bibo

1370 664 1543 712 profuse,
1571 663 1665 698 sieut
1694 674 1773 697 mos
1801 668 1856 697 est
1874 675 1880 696 :
1900 669 1936 696 et
1965 661 2259 710 multiplicantur
2286 662 2361 697 fer-

1370 722 1451 757 cula
1479 730 1515 757 et
1545 721 1702 770 pocula,
1727 719 1846 755 donec
1877 727 1912 754 et
1942 728 2074 755 venter
2102 728 2296 767 gravetur,
2324 728 2361 756 et

1370 780 1566 816 cerebrum
1590 779 1761 816 turbetur
1780 793 1786 814 :
1809 791 1877 815 nec
1903 779 2070 828 arguitur
2091 779 2330 828 superfluitas
2347 807 2357 825 ,

1369 853 1479 888 quam
1497 848 1647 875 excusat
1669 838 1913 888 hospitalitas.
1932 839 1990 875 Sic
2003 867 2012 884 ,
2033 838 2084 874 sic.
2106 839 2178 874 mei
2195 837 2334 876 oblitus
2347 867 2357 885 ,

1370 898 1458 934 dum
1492 899 1584 947 gulae
1616 898 1823 947 appetitum
1859 909 2019 945 sequor,
2061 896 2231 934 oblivisci
2272 911 2361 935 mox

1370 958 1510 1007 incipio
1539 957 1628 1006 quid
1651 957 1786 993 faciant
1804 956 1935 992 fratres
1953 957 1989 992 in
2010 956 2226 1003 refectorio;
2246 967 2282 994 et
2299 972 2361 995 ca-

1328 1018 1352 1051 B
1373 1018 1426 1053 dit
1457 1031 1476 1053 a
1507 1017 1686 1053 memoria
1716 1014 1821 1061 saba,
1849 1015 1986 1059 caulis,
2021 1015 2127 1064 panis
2154 1015 2288 1063 durus,
2325 1025 2362 1054 et

1370 1090 1475 1125 aqua:
1501 1084 1625 1125 potus.
1655 1076 1757 1112 Sicut
1787 1074 1908 1110 fabula
1923 1102 1932 1118 ,
1953 1075 2003 1109 sic
2021 1082 2076 1111 est
2095 1074 2168 1110 vita
2187 1087 2280 1110 mea.
2304 1076 2363 1112 Ti-

1369 1148 1453 1171 meo
1469 1135 1578 1171 etiam
1599 1147 1644 1170 ne
1666 1141 1812 1182 egomet
1840 1133 1890 1169 sic
1910 1132 2109 1168 fabulando
2131 1132 2254 1169 fabula
2278 1133 2363 1169 cffi-

1369 1195 1456 1239 ciar,
1479 1194 1507 1229 si
1524 1194 1603 1229 sine
1619 1192 1728 1228 bonis
1741 1190 1921 1241 operibus
1940 1192 2120 1227 inveniar.
2136 1191 2259 1228 Dicito
2276 1205 2364 1242 ergo

1368 1252 1457 1287 mihi
1484 1251 1575 1300 quid
1611 1250 1730 1287 debeo
1762 1251 1902 1295 facere,
1948 1258 1983 1286 et
2010 1250 2201 1298 quomodo
2226 1251 2364 1300 possim

1367 1312 1491 1360 gulam
1517 1311 1732 1356 continere,
1755 1323 1801 1346 ne
1830 1318 1902 1346 tam
1930 1310 2035 1359 parvi
2063 1309 2217 1346 bidelli‘¹
2235 1323 2365 1348 servus

1370 1371 1522 1407 efficiar.

1423 1432 1488 1466 68.
1516 1430 1611 1467 Gula
1639 1441 1787 1478 semper
1807 1437 1861 1465 est
1882 1428 1917 1464 in
1939 1442 2089 1478 pugna,
2115 1438 2152 1465 et
2174 1430 2211 1466 in
2242 1431 2363 1480 culpa.

1373 1489 1460 1527 Sive
1491 1487 1717 1533 manduces,
1752 1488 1829 1524 sive
1861 1487 1991 1532 bibas,
2020 1487 2123 1524 adest
2154 1488 2216 1524 illa
2244 1497 2366 1526 tecum

1375 1555 1586 1597 pugnatura
1609 1561 1615 1582 ε
1642 1547 1671 1583 si
1699 1545 1794 1582 bene
1826 1559 1901 1582 non
1931 1559 2094 1595 pugnas,
2120 1555 2220 1583 certe
2243 1548 2368 1584 vince-

1376 1607 1425 1643 ris
1442 1606 1488 1642 ab
1505 1606 1588 1651 illa;
1606 1618 1690 1654 quae
1707 1618 1791 1642 cum
1821 1605 1946 1641 multis
1972 1613 2134 1654 pugnat,
2152 1614 2188 1642 et
2203 1619 2221 1642 a
2239 1607 2368 1656 paucis

1376 1673 1623 1715 expugnatur.
1650 1668 1705 1700 Tu
1732 1677 1821 1713 ergo
1850 1672 1952 1700 tanto
1978 1664 2237 1702 vehementius
2267 1666 2367 1702 illam

1377 1737 1572 1773 expugna,
1599 1731 1738 1773 quanto
1766 1723 1996 1759 manifestius
2023 1723 2120 1759 illam
2147 1736 2226 1760 esse
2252 1737 2369 1774 expu-

1377 1784 1563 1833 gnandam
1588 1783 1793 1833 cognoscis.
1817 1786 1863 1819 Et
1883 1782 2061 1831 quoniam
2084 1782 2131 1819 ad
2157 1785 2225 1820 Dei
2244 1785 2369 1834 cogni-

1379 1844 1517 1879 tionem
1534 1843 1732 1893 pervenire
1749 1855 1825 1878 non
1843 1850 1968 1891 poteS,
1992 1842 2061 1878 nisi
2088 1856 2155 1891 per
2185 1844 2370 1892 cognitio-

1378 1916 1463 1939 nem
1481 1902 1552 1948 tui;
1568 1903 1702 1938 iterum
1720 1910 1832 1950 atque
1849 1901 1984 1937 iterum
2001 1900 2144 1937 discute
2169 1909 2204 1937 te
2229 1902 2366 1951 ipsum,

1379 1963 1407 1998 si
1429 1962 1525 1998 forte
1541 1961 1681 2010 aliquid
1697 1961 1733 1996 in
1754 1969 1788 1996 te
1813 1961 1924 1997 lateat
1943 1959 2045 2009 quod
2068 1963 2146 1997 Deo
2166 1960 2368 2010 displiceat.

1379 2020 1514 2058 Videre
1554 2021 1654 2056 enim
1688 2022 1807 2055 Deum
1842 2032 1918 2054 non
1959 2027 2087 2067 potes,
2123 2018 2194 2054 nisi
2229 2019 2371 2055 mundo

1381 2080 1494 2116 corde
1517 2094 1525 2115 z
1551 2092 1617 2115 nec
1648 2080 1709 2114 liet
1735 2091 1799 2114 cor
1822 2077 2056 2126 jucundum,
2083 2077 2153 2114 nisi
2183 2078 2287 2127 prius
2310 2079 2372 2114 fiai

1383 2139 1566 2175 mundum
1593 2138 1640 2175 ab
1668 2137 1771 2173 omni
1793 2136 2026 2186 contagione.

1687 2267 1861 2305 CAPUT
1890 2266 2061 2304 XXXII.

1384 2385 1517 2414 Accusat
1535 2392 1565 2411 sc
1592 2380 1743 2423 ptrnitens
1757 2380 1794 2410 de
1810 2379 2010 2410 confessionis
2028 2379 2106 2410 xitiis
2129 2385 2158 2410 et
2180 2380 2218 2411 de.
2244 2380 2372 2412 invidia.

1438 2495 1499 2529 (39.
1522 2493 1638 2529 Multa
1658 2492 1777 2529 habeo
1797 2491 1918 2528 adhuc
1940 2492 2005 2529 tibi
2026 2493 2170 2538 dicere,
2197 2493 2261 2529 sed
2281 2507 2376 2530 con-

326 2560 420 2595 vitat
453 2566 489 2595 et
517 2558 665 2606 instigat
697 2564 736 2592 ut
766 2554 958 2591 comedam
991 2562 1025 2589 et
1053 2552 1190 2588 bibam.
1224 2553 1320 2588 Dicit
1338 2556 1367 2589 D
1388 2553 1481 2589 [iteri
1501 2551 1694 2588 erubesco.
1713 2555 1979 2587 Verumtamen
1994 2580 2003 2597 ,
2021 2553 2107 2601 quia
2127 2553 2234 2588 aliter
2253 2556 2374 2589 Deum

327 2618 425 2653 enim
447 2631 453 2651 :
476 2620 555 2653 Non
585 2615 698 2651 debes
716 2628 794 2650 csse
812 2614 990 2649 molestus
1011 2612 1042 2647 ei
1060 2612 1123 2660 qui
1143 2619 1176 2647 te
1199 2611 1319 2647 ehari-

328 2676 442 2712 tatixe
471 2675 652 2723 suscepit,
674 2673 737 2710 sed
757 2673 802 2709 ad
821 2680 952 2708 nutum
971 2671 1069 2706 illius
1094 2679 1127 2706 te
1151 2684 1217 2719 per
1243 2684 1321 2705 om-

328 2735 388 2771 nia
419 2733 532 2771 debes
571 2733 727 2778 habere,
762 2741 799 2768 ct
837 2731 988 2767 monitis
1026 2730 1124 2765 illius
1162 2729 1321 2765 libenter

329 2793 500 2839 obedire,
530 2802 567 2829 et
596 2794 763 2842 impensa
795 2791 977 2827 beneficia
1005 2803 1088 2826 cum
1118 2790 1318 2838 gratiarum

329 2854 475 2889 actione
500 2852 715 2901 percipere,
746 2850 923 2899 quoniam
947 2849 1037 2885 nibil
1067 2849 1319 2897 respuendum

329 2921 384 2949 est
415 2912 516 2961 quod
537 2925 619 2947 cum
642 2912 819 2947 charitate
845 2910 1016 2945 offertur.
1039 2908 1235 2945 Charitatis
1267 2916 1321 2945 est

331 2981 371 3008 ut
397 2971 498 3020 quod
528 2971 588 3007 ille
614 2970 678 3006 tibi
702 2970 877 3020 apponit,
896 2982 978 3004 cum
1004 2968 1085 3017 ipso
1110 2967 1249 3016 pariter
1277 2967 1322 3004 de

330 3031 462 3067 codem
499 3043 645 3073 sumas,
687 3042 732 3065 ne
764 3027 1033 3064 scandalizetur
1065 3027 1094 3062 si
1126 3025 1262 3061 viderit
1289 3034 1322 3061 te

331 3090 431 3127 aliud
463 3102 573 3138 quam
596 3101 635 3125 se
654 3088 865 3124 comedere.
897 3091 951 3123 Ita
977 3099 1066 3134 ergo
1088 3086 1142 3121 fac
1162 3093 1203 3121 ut
1228 3098 1322 3121 con-

332 3149 446 3186 venit.
477 3147 719 3185 Communica
754 3155 789 3183 et
822 3146 1004 3195 participa
1035 3158 1119 3181 cum
1154 3144 1320 3194 hospite,

385 3283 390 3295 ¹
413 3279 483 3305 Luc.
505 3286 523 3304 x
539 3299 546 3312 ,
566 3277 595 3304 7.

1386 2612 1514 2648 videre
1547 2625 1620 2647 non
1653 2623 1825 2660 possum,
1862 2612 2026 2660 aperiam
2055 2611 2120 2647 tibi
2143 2625 2209 2648 cor
2238 2626 2374 2649 meum.

1386 2676 1520 2709 Fateor
1539 2671 1716 2720 quoniam
1739 2680 1891 2720 peccata
1914 2684 1995 2707 mea
2016 2673 2221 2720 recogitare
2247 2672 2376 2720 negle-

1388 2732 1447 2776 xi,
1477 2739 1513 2766 et
1545 2731 1629 2766 ideo
1664 2730 1779 2765 multa
1811 2729 1997 2766 oblivioni
2031 2730 2180 2766 tradidi.
2221 2731 2377 2780 Cognita

1386 2798 1508 2826 autem
1528 2803 1602 2825 non
1621 2789 1746 2825 omnia
1767 2790 1960 2825 confessus
1980 2802 2061 2825 sum
2077 2818 2086 2836 ,
2109 2798 2267 2840 propter
2285 2790 2378 2826 mul—

1389 2849 1599 2885 titudinem.
1626 2853 1717 2895 Quce
1738 2860 1827 2883 vero
1849 2848 2040 2884 confessus
2060 2862 2165 2895 sum,
2189 2862 2263 2885 non
2285 2862 2378 2898 pure

1387 2922 1467 2945 sum
1496 2909 1687 2944 confessus
1708 2916 1865 2956 propter
1895 2907 2166 2957 turpitudinem
2182 2937 2191 2955 ‚
2213 2917 2275 2944 aut
2296 2921 2379 2944 om-

1389 2968 1478 3003 nino
1504 2967 1632 3003 celavi.
1664 2970 1755 3014 Quae
1787 2975 1910 3002 autem
1934 2968 2012 3003 sive
2042 2967 2159 3013 bene,
2182 2968 2261 3004 sive
2283 2967 2378 3004 male

1388 3040 1469 3063 sum
1502 3026 1713 3069 confessus,
1742 3038 1818 3060 non
1848 3025 1957 3073 digne
1987 3026 2070 3061 flevi
2091 3054 2100 3070 ,
2130 3034 2288 3075 propter
2313 3039 2378 3062 ve-

1391 3094 1562 3121 tustatem
1578 3115 1586 3131 ‚
1612 3093 1648 3121 et
1670 3085 1912 3120 inveteratam
1934 3085 2256 3121 consuetudinem.
2281 3088 2381 3122 Con-

1391 3146 1507 3181 fessus
1543 3158 1624 3180 sum
1655 3145 1713 3180 cui
1747 3157 1821 3180 non
1859 3143 2000 3190 debui,
2035 3154 2072 3181 et
2108 3145 2166 3181 cui
2211 3146 2382 3182 confiteri

1458 3278 1469 3292 ⁰
1490 3273 1573 3303 Aha<
1587 3296 1595 3309 ,
1617 3269 1740 3301 budelli.
