2504 3928
352 209 418 243 ⁸71

977 209 1097 243 x'l't'ls
1126 210 1351 251 MYSTI(:.i,
1382 211 1467 245 stit·
1501 212 1782 247 'sn-tC'rATLS

2320 214 2396 251 372

350 289 444 323 citur
467 295 543 322 rete
573 294 656 321 ante
683 286 810 320 oculos·
835 292 1085 332 pennatorum
1106 292 1137 330 ¹,
1165 295 1199 322 et
1230 287 1331 335 quod
1347 286 1492 335 ⁴³⁰‹1nia
1520 289 1755 324 xulneratum
1783 296 1839 324 est
1858 300 1923 324 cor
1945 287 2063 325 dulcis
2081 292 2194 336 Jesu,
2221 291 2310 339 quid
2338 305 2397 329 se-

351 346 414 395 qui
444 345 534 380 fodit
567 345 733 387 foveam,
765 342 901 378 incidet
927 342 963 378 in
997 357 1077 380 eam
1096 351 1119 380 ³.
1148 345 1218 381 Sed
1248 346 1341 381 levi—
1363 347 1567 383 Acundum
1596 348 1732 383 vulnus
1760 348 1973 396 apponitis?
2001 353 2058 385 An
2088 349 2267 398 ignoratis
2293 351 2396 400 quod

354 415 408 441 ter
431 404 627 440 transilivit
644 404 708 438 lias
734 403 858 438 foveas
879 411 1006 438 noster
1028 402 1116 440 lbex
1133 432 1142 449 ,
1169 405 1343 454 ipsosque

355 465 514 499 fossores
550 462 686 510 dejecit
725 463 759 497 in
795 462 886 497 illas.
926 462 977 499 -tit
1008 463 1126 508 enim,
1163 467 1236 508 Qui
1264 470 1344 500 ¹situ:

349 532 500 569 peccalo
536 531 587 556 cst
626 531 781 557 vestulum
797 550 805 565 ,
837 535 981 569 prunus
1025 528 1144 557 mium
1183 528 1220 558 itt
1260 538 1342 559 eam

352 583 514 628 lalmlsm
536 579 543 599 ¹
569 595 574 615 ;
597 581 702 629 qnasi
728 581 846 624 dicat,
868 581 953 628 Legi
973 594 1062 616 ιιιυιι·
1082 594 1155 616 non
1186 591 1342 618 eontra—

355 640 459 683 dico,
483 641 656 689 pietatem
680 653 796 676 meam
821 654 893 676 nou
926 640 1069 676 desero.
1099 644 1168 677 Ista
1191 642 1341 690 quidem

353 701 488 737 meruit
510 699 688 749 lapidari3
723 699 786 735 sed
810 713 883 735 non
907 699 1145 749 lapidabitur,
1167 701 1253 750 quia
1278 703 1340 750 qui

352 760 512 809 lapidem
540 758 638 807 juste
669 759 785 808 possit
805 758 842 794 in
865 772 945 795 eam
975 759 1143 803 mittere,
1177 773 1250 795 non
1274 761 1341 796 lia-

354 819 475 856 betur.

405 883 440 914 (ἰ.
473 882 603 915 Nonne
627 877 682 913 vis
710 876 830 913 adlmc
858 877 999 926 aliquas
1028 878 1152 914 foveas
1181 878 1342 914 videre?

352 942 468 981 Licet,
491 938 685 986 inquiunt,
707 950 852 972 censum
877 939 1016 972 (besso-i
1040 941 1146 980 dari,
1171 943 1342 978 ausum?

352 999 530 1034 Dixerant
546 997 644 1033 enim
666 996 764 1045 apud
785 1009 823 1031 sc
843 1010 849 1031 t
875 997 909 1032 Si
929 996 1077 1042 dixerit,
1102 997 1217 1041 Licet,
1242 1006 1343 1034 tene-

1411 419 1485 441 uno
1505 407 1658 442 vulnere
1676 415 1812 442 tactum
1830 420 1895 443 cor
1913 407 2109 453 emoritur,
2125 416 2162 444 et
2183 409 2222 444 lit
2237 409 2397 446 insensi-

1410 463 1482 499 bili¹
1505 473 1693 500 mortuum
1717 478 1781 500 eor
1801 465 1952 501 Domini
1978 469 2087 511 Jesu,
2109 467 2195 515 quia
2217 468 2395 504 vulnera-

1412 526 1518 559 tum?
1551 523 1716 559 Possedit
1744 524 1878 560 vulnus
1906 525 2067 570 amoris,
2103 525 2267 574 possedit
2296 539 2397 564 mors

1410 583 1546 618 amoris
1566 584 1715 619 Domini
1733 597 1798 619 cor
1812 584 1938 633 sponsi
1959 588 2059 620 Jesu.
2081 585 2281 632 Quomodo
2297 597 2396 622 mors

1409 643 1522 678 alti-ra
1550 641 1743 678 introibit?
1775 642 1893 679 Fortis
1919 650 1973 678 est
1995 651 2034 678 ut
2060 655 2182 688 mors,
2204 643 2280 680 imo
2307 656 2396 680 vero

1410 701 1519 736 etiam
1552 701 1684 736 fortior
1708 714 1819 749 quam
1844 714 1944 737 mors
1969 701 2117 738 dilectio
2131 701 2158 737 ⁶.
2182 705 2265 739 Non
2295 702 2395 739 enim

1411 769 1530 809 potest
1550 761 1669 809 prima
1688 774 1789 797 mors
1808 761 1968 810 expelli,
1991 761 2027 797 id
2048 770 2122 807 est,
2143 761 2295 797 dileetio
2315 774 2396 798 ma-

1409 821 1525 856 larum
1559 820 1734 856 mortium
1764 820 2024 856 mortificatrix
2056 834 2076 856 a
2108 820 2222 856 domo
2244 821 2396 867 cordis,

1407 893 1517 927 quam
1545 878 1614 915 sibi
1642 878 1851 915 inviolabili
1871 877 1978 927 jure,
2000 892 2069 915 suo
2089 880 2245 916 vulnere
2265 880 2396 929 acqui-

1407 939 1504 974 sivit.
1522 938 1556 976 Si
1578 939 1667 974 dum
1689 952 1795 988 aeque
1815 938 1929 975 sortes
1958 947 2210 984 concurrunt,
2232 952 2394 988 quorum

1408 1011 1504 1033 unus
1525 998 1570 1033 sit
1591 997 1625 1033 in
1651 997 1785 1042 domo,
1807 998 1901 1034 alter
1918 1010 2008 1034 vero
2034 998 2192 1044 deforis,
2214 999 2298 1047 quis
2319 997 2394 1034 du-

353 1057 452 1093 bitur
480 1070 583 1099 reus,
616 1064 790 1103 tanquam
824 1054 1004 1091 libertatis
1033 1063 1170 1091 nostra·
1193 1056 1342 1092 destrn-
1364 1059 1390 1092 B
1409 1056 1501 1092 bitet
1519 1070 1602 1092 eum
1627 1056 1690 1105 qni
1711 1056 1860 1092 deintus
1879 1064 1955 1101 est,
1976 1055 2148 1093 obtinere
2174 1056 2396 1094 victoriam?

351 1125 443 1152 ctor.
465 1116 608 1151 Solutio
629 1115 728 1150 enim
753 1127 905 1157 census,
934 1114 1074 1150 servitii
1102 1114 1247 1163 signum
1269 1123 1336 1151 est.

351 1176 386 1211 Si
407 1175 562 1217 dixerit,
586 1177 668 1209 Non
690 1173 793 1217 licet,
815 1185 898 1208 reus
919 1173 987 1208 crit
1010 1173 1104 1209 laesae
1124 1173 1336 1222 majestatis.

351 1238 381 1271 Ο
398 1235 546 1270 stultos!
569 1233 661 1268 solet
683 1233 817 1268 stultus
836 1232 927 1267 alios
948 1232 1153 1268 secundum
1180 1246 1218 1268 se
1235 1233 1338 1268 festi-

353 1308 474 1339 mare3
497 1303 533 1331 et
553 1294 653 1342 quod
675 1293 754 1341 ipse
775 1293 942 1341 ignorat,
960 1292 1147 1341 sapientes
1169 1306 1340 1341 quosque

351 1354 469 1390 credit
487 1353 657 1390 similiter
673 1352 858 1399 ignorare.
871 1350 942 1386 Sed
957 1350 1047 1399 quid
1066 1351 1116 1386 ait
1131 1352 1342 1400 Sapientia?

349 1413 528 1450 Libertati
547 1424 621 1447 non
636 1411 777 1458 derogo
792 1438 800 1454 ,
818 1409 1046 1457 majestatem
1069 1423 1145 1445 non
1166 1409 1340 1455 offend03

351 1474 476 1508 foveas
505 1479 648 1507 vestras
677 1482 753 1505 non
789 1468 927 1504 incido.
958 1470 1114 1504 Reddite
1141 1482 1229 1516 qua:
1258 1478 1344 1504 sunt

353 1534 537 1575 Coesaris,
579 1531 724 1565 Coesari
747 1543 758 1572 ;
793 1537 829 1563 et
862 1542 948 1576 (μαι)
977 1537 1061 1563 suut
1089 1531 1183 1572 Dei,
1218 1530 1295 1563 Deo
1313 1528 1339 1563 ⁴.

349 1595 431 1628 Non
451 1591 551 1627 enim
572 1588 778 1625 offenditur
800 1591 902 1624 Deus
917 1587 1063 1636 justus,
1083 1587 1145 1636 qui
1169 1588 1248 1623 vult
1267 1587 1342 1624 cui-

348 1665 421 1700 que
451 1649 556 1687 reddi
586 1648 689 1698 quod
722 1661 828 1684 suum
862 1655 928 1684 est.
961 1648 997 1684 Si
1026 1647 1189 1683 reddatis
1209 1647 1341 1684 Caesari

348 1710 450 1760 quod
472 1709 625 1746 Caesaris
645 1715 721 1753 est,
740 1720 816 1743 non
835 1706 1042 1742 offenditur
1058 1710 1189 1743 Caesar.
1208 1706 1244 1742 Si
1262 1709 1341 1743 Deo

349 1769 587 1807 reddideritis
609 1781 692 1817 qnae
706 1767 845 1804 creavit
861 1766 961 1815 juste
976 1796 984 1811 ,
1003 1766 1105 1815 qnod
1123 1765 1265 1815 justum
1287 1773 1343 1802 est

1404 1119 1448 1151 Et
1469 1115 1553 1151 ride
1569 1124 1706 1164 quanta
1723 1116 1769 1152 sit
1788 1116 1843 1152 vis
1859 1116 1996 1152 amoris
2015 1115 2169 1152 domum
2187 1115 2314 1152 cordis
2329 1114 2397 1152 ob-

1407 1175 1580 1217 tinentis,
1606 1183 1641 1211 et
1663 1188 1730 1224 per
1750 1175 1886 1211 vulnus
1912 1174 2143 1211 dulcissimi³¹
2169 1174 2395 1221 occidentis,

1405 1248 1480 1270 non
1505 1235 1625 1270 solum
1655 1235 1690 1270 in
1720 1235 1884 1271 Domino
1908 1238 1995 1271 Jesu
2015 1262 2025 1279 ‚
2056 1234 2121 1271 sed
2150 1242 2186 1271 et
2212 1236 2250 1271 in
2279 1234 2396 1271 servis

1406 1293 1536 1341 ipsius.

1462 1354 1497 1387 8.
1529 1352 1730 1388 Veniamus
1754 1351 1801 1387 ad
1831 1360 2025 1399 martyres.
2056 1355 2283 1388 Terreantur
2310 1351 2397 1389 licet

1409 1418 1615 1458 marty1·e5‚
1639 1410 1762 1446 rident
1783 1425 1790 1447 :
1811 1411 2015 1456 feriuntur,
2031 1419 2068 1447 et
2091 1411 2255 1459 gaudent
2272 1426 2280 1448 :
2297 1412 2396 1448 occi-

1407 1469 1565 1514 duntur,
1586 1478 1623 1506 et
1639 1482 1725 1506 ecee
1742 1469 1987 1518 triumphant.
2005 1472 2151 1517 Quare?
2166 1471 2260 1518 Quia
2275 1480 2396 1508 morte

1408 1528 1597 1565 charitatis
1632 1529 1732 1565 intus
1765 1529 1802 1564 in
1833 1528 1947 1564 corde
1974 1527 2053 1577 jam
2088 1528 2231 1566 dudum
2257 1531 2396 1568 mortui

1407 1589 1591 1636 peccatis,
1612 1589 1750 1633 mortui
1773 1587 1938 1633 mundo,
1962 1596 2139 1636 tanquam
2162 1588 2397 1626 insensibiles

1408 1646 1514 1694 faeti,
1545 1660 1613 1684 nec
1636 1648 1774 1692 minas,
1798 1660 1865 1683 nec
1895 1655 2106 1692 tormenta,
2137 1660 2206 1684 nec
2236 1657 2395 1685 mortem

1406 1706 1544 1742 sentire
1574 1714 1792 1756 potuerunt.
1815 1705 1914 1753 Quid
1936 1705 2096 1741 mirum?
2115 1707 2254 1742 Mortui
2276 1715 2394 1744 erant.

1407 1766 1550 1800 Morem·
1564 1771 1662 1800 em'm
1680 1770 1784 1809 estis,
1800 1765 1850 1801 ait
1867 1765 2107 1814 Apostolus7.
2125 1765 2280 1812 Qualem
2298 1779 2397 1803 mor·

348 1831 475 1868 facitis.
502 1829 662 1866 Reddite
687 1840 776 1877 ergo
799 1827 932 1863 Caesari
953 1826 1168 1869 denarium,
1190 1825 1341 1862 Caesaris
1360 1831 1387 1866 C
1408 1832 1481 1860 tem
1506 1824 1656 1873 quidam
1683 1825 1819 1860 stultus
1849 1825 2039 1873 sapienter
2057 1823 2212 1873 optabat
2237 1823 2363 1861 dicens
2384 1839 2393 1861 ε

348 1889 546 1926 habentem
586 1887 782 1936 imaginem
813 1900 820 1921 :
854 1885 997 1921 reddite
1036 1889 1116 1921 Deo
1147 1885 1340 1933 animam,

347 1962 457 1997 quam
476 1948 522 1984 ad
544 1946 741 1995 imaginem
764 1954 799 1980 et
816 1943 1096 1980 similitudinem
1116 1956 1219 1980 suam
1237 1956 1342 1979 crea-

347 2009 425 2053 x·it;
448 2016 483 2043 et
505 2019 588 2043 ecce
614 2004 706 2053 justi
734 2003 886 2040 fueritis.
912 2007 1085 2051 Longum
1112 2010 1209 2039 esset
1231 2001 1341 2037 nimis

346 2080 477 2104 omnes
510 2067 657 2109 foveas,
682 2077 774 2112 quas
801 2076 899 2098 verae
925 2062 999 2098 Viti
1026 2070 1162 2098 nostrae
1190 2061 1340 2110 maligni

346 2127 405 2163 isti
431 2125 628 2168 foderunt,
656 2122 884 2166 edisserere;
911 2121 997 2170 quia
1027 2121 1152 2156 onmia
1178 2120 1276 2157 illius
1304 2128 1340 2156 et

348 2184 464 2221 verba
480 2213 489 2229 ,
513 2192 546 2219 et
572 2184 664 2218 facta
683 2180 903 2232 calumniari
925 2179 1153 2215 nitebantur.

402 2246 435 2281 7.
459 2243 529 2280 Sed
548 2256 630 2278 cum
652 2241 826 2276 viderent
849 2239 1175 2275 circumfossiones
1196 2238 1247 2274 nil
1269 2250 1339 2274 no-

347 2317 431 2341 cere
448 2302 541 2346 tiu,
564 2301 679 2349 magis
700 2308 821 2335 autem
844 2312 882 2334 se
898 2299 997 2347 ipsos
1015 2298 1103 2333 dum
1123 2297 1282 2341 fodiunt,
1300 2297 1337 2332 in

348 2363 446 2411 ipsas
467 2360 665 2404 incidisse;
696 2359 813 2407 ipsam
846 2358 966 2393 Vitem
996 2355 1268 2392 circumfodere
1302 2363 1338 2391 et

348 2420 547 2470 perfodere
565 2415 807 2460 laborabant,
835 2424 874 2451 ut
895 2416 945 2451 sic
966 2416 1093 2451 saltem
1115 2414 1161 2450 ad
1184 2414 1335 2450 modum

347 2480 502 2516 aliarum
532 2477 709 2514 arborum
743 2483 918 2511 :eternam
947 2474 1154 2509 incurreret
1183 2473 1336 2508 aridita-

349 2548 437 2575 tem.
461 2536 653 2575 Foderunt
679 2548 768 2582 ergo
788 2541 823 2569 et
844 2532 1087 2582 perfoderunt
1113 2544 1190 2567 non
1216 2532 1337 2567 solum

1406 1886 1597 1919 Mormtm-
1624 1889 1754 1919 (mima
1775 1897 1856 1919 mea
1880 1893 1994 1919 morte
2005 1888 2189 1929 justorum
2203 1911 2214 1927 ‚
2243 1892 2278 1918 et
2289 1884 2398 1929 fiant

1407 1947 1599 1979 rztwism‘nza
1632 1957 1714 1978 mea
1745 1944 1873 1978 lterum
1907 1944 2047 1978 similia
2071 1941 2098 1978 ⁸.
2132 1945 2235 1979 Bona
2265 1955 2393 1989 mors,

1407 2011 1566 2038 mortem
1595 2011 1841 2039 contemnens
1865 2016 1872 2038 :
1895 2000 1995 2037 bona
2022 2014 2142 2048 mors,
2171 2001 2285 2038 vitam
2301 2014 2394 2039 con—

1408 2062 1529 2098 ferens
1550 2062 1829 2112 sempiternam.
1852 2062 1910 2099 Sic
1929 2075 2019 2110 ergo
2040 2060 2119 2110 Jam
2147 2060 2289 2098 dudum
2307 2062 2393 2098 vul-

1405 2131 1574 2158 neratum
1608 2130 1644 2158 et
1675 2129 1865 2158 mortuum
1895 2122 1964 2157 fuit
1982 2134 2048 2157 cor
2065 2124 2153 2158 Jesu
2182 2121 2393 2158 mortificati

1404 2189 1563 2231 propter
1595 2194 1683 2226 nos,
1704 2189 1781 2217 tota
1806 2181 1865 2217 die
1885 2181 2055 2218 aestiinati
2075 2180 2169 2218 sicut
2188 2180 2269 2217 ovis
2290 2181 2392 2217 occi-

1404 2241 1555 2276 sionis9.
1586 2241 1750 2278 Accessit
1777 2249 1901 2276 autem
1924 2248 1960 2276 et
1983 2253 2084 2276 mors
2103 2239 2332 2289 corporalis,
2354 2248 2392 2276 et

1403 2301 1493 2336 vicit
1508 2300 1553 2335 ad
1575 2309 1742 2349 tempus,
1761 2308 1802 2336 ut
1822 2300 2035 2336 vinceretur
2054 2300 2092 2336 in
2113 2308 2306 2336 aeternum.
2324 2300 2390 2337 Vi—

1404 2368 1462 2395 cta
1484 2368 1557 2405 est,
1585 2360 1671 2407 quia
1704 2359 1907 2395 resurrexit
1937 2372 1957 2394 a
1991 2358 2164 2404 mortuis,
2185 2358 2272 2407 quia
2291 2371 2390 2394 mors

1404 2418 1500 2453 ultra
1529 2430 1603 2452 non
1621 2417 1930 2453 dominabitur¹⁰.
1954 2417 2027 2454 Sed
2047 2417 2133 2466 quia
2150 2417 2262 2454 semel
2283 2418 2391 2454 veni-

1403 2488 1485 2511 mus
1504 2475 1549 2511 ad
1565 2489 1630 2511 cor
1649 2475 1902 2512 dulcissimum
1917 2479 2003 2512 Jesu
2015 2504 2024 2521 ,
2040 2483 2076 2511 et
2093 2474 2236 2511 bonum
2251 2483 2307 2512 est
2320 2488 2390 2512 nos

1402 2535 1462 2571 hic
1483 2548 1561 2571 esse
1574 2563 1583 2579 ‚
1607 2549 1652 2571 ne
1673 2535 1839 2572 sinamus
1859 2547 1926 2571 nos
1947 2534 2051 2570 facile
2068 2534 2177 2571 avelli
2195 2533 2241 2570 ab
2257 2548 2324 2581 eo,
2343 2535 2390 2571 de

349 2611 480 2634 manus
492 2625 501 2641 ,
521 2596 585 2632 sed
606 2603 641 2631 et
659 2594 772 2644 pedes
785 2621 794 2638 ‚
819 2594 914 2629 latus
932 2606 1083 2641 quoque
1099 2620 1108 2636 ‚
1128 2600 1164 2627 et
1182 2592 1338 2627 Silnctis-
1356 2598 1388 2631 D
1406 2608 1481 2643 quo
1498 2595 1674 2644 scriptum
1697 2603 1751 2631 est
1773 2610 1780 2630 :
1802 2596 2024 2630 Recede-ntes
2042 2608 2066 2628 a
2082 2603 2116 2629 te
2132 2599 2171 2629 in
2188 2603 2285 2630 terra
2299 2599 2390 2630 scri-

348 2659 430 2695 simi
449 2656 572 2693 cordis
591 2654 719 2691 intima
737 2653 875 2689 furoris
891 2653 1017 2688 lancea
1036 2652 1336 2701 perforaverunt,

347 2717 448 2767 quod
466 2714 688 2765 jamdudum
712 2712 849 2748 amoris
873 2712 998 2748 lancea
1026 2711 1143 2747 suerat
1164 2712 1338 2747 vulnera—

348 2786 438 2813 tum.
458 2778 473 2809 l
485 2778 682 2817 'ulnarum
706 2771 827 2821 inquit
847 2771 883 2807 in
900 2771 1060 2808 Cantieis
1074 2771 1212 2807 amoris
1227 2783 1337 2820 spon-

345 2850 426 2882 sus,
448 2849 510 2871 cor
536 2848 677 2875 meum,
711 2846 814 2867 saror
840 2845 921 2866 mea
948 2845 1104 2879 sponsa,
1133 2833 1338 2866 vulnerasti

345 2910 406 2932 cor
426 2909 544 2930 meum
563 2893 587 2929 5.
611 2893 789 2928 Vulnerat
814 2905 879 2927 cor
900 2900 1002 2927 tuum
1016 2920 1024 2936 ,
1045 2891 1202 2927 Domine
1227 2894 1332 2936 Jesu,

344 2968 480 3004 sponsa
503 2962 585 2997 tua,
607 2952 722 2988 amica
745 2960 826 2995 tua,
856 2965 964 2987 soror
990 2959 1063 2986 tua.
1086 2949 1184 2997 Quid
1206 2962 1334 2986 neces-

344 3015 481 3051 sarium
514 3013 581 3048 fuit
612 3011 701 3047 illud
729 3011 776 3046 ab
806 3011 963 3046 inimicis
991 3011 1086 3046 ultra
1115 3009 1335 3045 vulnerari?

343 3072 442 3120 Quid
463 3072 592 3120 agitis,
613 3084 635 3104 o
662 3070 822 3105 inimici?
842 3070 870 3105 si
902 3070 1138 3105 vulneratum
1159 3077 1234 3114 est,
1257 3068 1332 3104 imo

1404 2653 1585 2691 beatur-¹¹.
1608 2655 1706 2701 Quid
1721 2662 1844 2690 autem
1858 2653 2103 2690 accedentes?
2121 2657 2176 2690 Tu
2195 2654 2276 2703 ipse
2295 2653 2388 2691 doce

1402 2726 1482 2749 nos.
1514 2717 1569 2749 Tu
1599 2714 1723 2749 dixisti
1757 2712 2019 2750 accedentibus
2048 2712 2093 2750 ad
2116 2721 2150 2749 te
2179 2715 2385 2759 :Gaudete,

1402 2778 1492 2820 quia
1509 2778 1662 2808 'mutina
1676 2782 1799 2809 vestra
1818 2778 1954 2821 scripta
1970 2782 2055 2809 sunt
2070 2778 2108 2809 in
2129 2776 2220 2809 coelo
2235 2779 2275 2808 ¹².
2289 2775 2389 2810 Con—

1404 2832 1603 2868 cordemus
1625 2832 1723 2878 liaec,
1752 2833 1839 2881 quia
1866 2832 1894 2868 si
1912 2832 1963 2868 sie
1980 2832 2017 2868 hi
2039 2833 2104 2881 qui
2125 2832 2162 2868 in
2179 2832 2280 2868 coelis
2299 2833 2388 2868 scri-

1402 2891 1454 2940 pti
1477 2899 1584 2935 sunt,
1602 2891 1692 2939 quid
1718 2904 1808 2939 ergo
1829 2891 1880 2927 illi
1897 2891 2014 2940 quiin
2034 2900 2131 2928 terra
2151 2891 2387 2927 scribentur?

1402 2950 1601 3000 Lugebunt
1623 2952 1763 3000 ntique.
1783 2951 1853 2987 Sed
1874 2952 1958 3000 quis
1986 2951 2080 2987 nolit
2108 2950 2295 3000 gaudere?
2311 2954 2387 2987 Ac—

1401 3010 1576 3046 cedamus
1593 3023 1682 3059 ergo
1704 3010 1749 3045 ad
1771 3019 1803 3045 te
1817 3039 1826 3055 ,
1844 3018 1879 3045 et
1897 3009 2166 3046 exsultabimus
2186 3016 2223 3044 et
2242 3007 2383 3044 laetabi-

1401 3083 1483 3105 mur
1498 3069 1533 3104 in
1553 3077 1586 3104 te
1599 3097 1608 3114 ,
1629 3082 1814 3104 memores
1834 3068 1958 3104 cordis
1976 3068 2041 3104 tui.
2065 3070 2096 3104 Ο
2112 3079 2223 3115 quam
2242 3065 2384 3103 bonum

390 3215 396 3229 ¹
428 3211 518 3238 l‘rov.
542 3218 572 3242 ι,
602 3209 652 3236 17.
680 3223 720 3228 -
746 3211 755 3226 ²
783 3205 826 3235 Id.
852 3217 949 3241 xxvi,
979 3209 1031 3236 27.
1062 3226 1100 3229 —
1129 3206 1141 3227 3
1165 3210 1256 3238 Joan.
1286 3220 1366 3245 vin,
1397 3211 1426 3239 7.
1450 3226 1490 3230 -—
1521 3208 1533 3232 ⁴
1565 3206 1677 3238 Manli.
1701 3218 1788 3242 xxii,
1819 3208 1869 3241 17,
1895 3208 1947 3235 21.
1976 3223 2018 3227 ——
2038 3203 2051 3225 ⁵
2077 3203 2198 3235 Cantic.
2225 3215 2270 3242 iv,
2289 3207 2320 3234 9.
2342 3221 2384 3226 ——-

342 3260 357 3281 ⁶
379 3261 423 3291 ld.
449 3271 526 3291 νιιι,
551 3264 580 3288 ὓ.
605 3277 642 3281 —-
670 3264 682 3285 Τ
703 3258 819 3286 (ΪωΙιηκ.
843 3269 902 3291 ιιι,
931 3262 959 3288 53,
989 3278 992 3279 γ

341 3325 407 3343 xvii
426 3337 430 3345 ,
455 3316 502 3341 115.
520 3331 524 3333 -
579 3316 605 3330 '²
624 3314 694 3340 Ι,ιι(’.
714 3321 731 3338 x
747 3334 752 3344 ,
770 3314 821 3339 ΖΝ),

1042 3256 1054 3278 ⁸
1076 3262 1165 3290 Num.
1191 3272 1276 3289 xxiii
1293 3285 1299 3297 ‚
1323 3263 1374 3290 10.
1394 3278 1433 3282 --
1457 3267 1471 3289 9
1493 3260 1569 3291 l‘sal.
1596 3271 1680 3289 xiiii
1696 3284 1703 3295 ,
1725 3262 1778 3289 22.
1797 3276 1833 3280 ——
1865 3264 1892 3278 '0
1918 3261 2007 3288 Rom.
2026 3268 2076 3293 ri,
2103 3261 2134 3288 9.
2159 3275 2193 3280 —-
2220 3263 2246 3277 ¹¹
2269 3259 2383 3288 Jcrem.

1176 3319 1188 3332 ¹·
1207 3313 1381 3351 [egendum
1397 3312 1516 3342 xidetnr
1532 3310 1722 3345 dulcissime,
1746 3311 1791 3340 w!
1809 3308 2028 3339 {lulcii-‹hmaem
2046 3309 2069 3346 *l
