2418 3949
149 252 247 289 1337

651 251 702 285 IN
730 250 1025 286 NATIVITATE
1053 248 1089 284 S.
1119 249 1318 285 JOANNIS
1346 250 1479 285 BAPT.
1511 250 1685 287 SERMO.

147 338 183 364 et
202 341 332 364 zonam
343 328 545 375 pelliceam
563 328 662 360 circa
680 324 820 360 lumbos
835 329 916 371 ejus
935 338 947 359 .·
965 338 1049 360 esca
1065 338 1135 360 αιι-
1147 323 1178 341 ⁶⁷

2095 254 2196 291 1338

1183 323 1370 373 ³potentis
1401 326 1513 376 virgae
1543 326 1744 375 gestarius,
1773 336 1909 365 unctus
1942 336 1980 364 et
2011 328 2201 367 delibutus

147 396 218 422 tem
239 387 317 431 ejas
336 395 416 421 erat
431 387 571 420 locusta
601 393 635 420 et
658 387 733 419 mel
748 386 908 420 silvestre
921 390 941 418 ¹.
961 385 1060 419 Ecce
1082 388 1145 432 qui
1163 385 1194 417 A
1211 384 1416 420 coelestium
1440 383 1687 422 sacrariorum
1706 387 1886 423 unctione
1910 402 1917 423 z
1947 388 2112 425 succedit
2130 393 2197 426 Jo-

148 445 318 482 mollibus
349 447 575 487 vestiuntur,
607 447 644 478 in
673 442 841 478 domibus
869 455 995 490 regum
1020 451 1103 478 sunt
1115 447 1141 477 ².

146 505 282 554 Rigida
298 504 430 548 vestis,
452 511 490 539 et
515 502 723 539 durissimis
751 501 1030 552 hispiditatibus
1050 514 1143 538 con-

149 573 272 609 texta,
298 564 423 613 rigore
444 562 648 611 squalifero
669 575 807 612 corpus
839 562 954 598 afficit
979 561 1144 598 Patriar-

147 623 248 668 chae,
269 633 497 670 carnemque
525 620 767 656 tenerrimam
791 620 991 656 immatura
1018 619 1145 656 distri-

147 683 221 719 ctio
253 682 458 732 disciplinae
490 680 635 716 feritate
661 688 850 725 coarctat,
874 688 1022 716 teneros
1042 687 1143 715 artus

147 751 186 780 et
204 742 398 780 sacratiori
415 740 549 791 spiritu
565 740 785 790 superfusos
799 740 978 777 continue
995 747 1145 789 quassat

148 800 345 850 longitudo
383 799 568 849 martyrii.
605 798 719 837 Cibus
753 808 879 836 autem
910 798 991 848 ejus
1024 799 1145 848 qualis

147 863 249 898 erat?
270 864 354 898 Non
384 867 607 909 quaeruntur
638 858 828 908 perdices,
855 858 1048 909 phasiani,
1079 871 1144 894 seu

148 920 229 956 aliae
247 932 359 965 aves;
380 931 457 955 non
486 931 555 968 per
582 926 698 954 totam
730 918 896 954 curritur
923 918 1114 967 regionem
1131 945 1142 963 ‚

147 987 191 1015 ut
206 977 468 1029 patriarchalis
486 977 700 1014 stomachus
719 978 921 1027 impleatur
939 992 947 1014 :
965 986 1044 1013 emt
1063 990 1146 1013 esca

148 1043 229 1083 esus
247 1040 386 1073 locusta
405 1046 442 1072 et
453 1039 528 1071 mel
539 1039 712 1072 silvestre.
733 1036 827 1073 Coeli
850 1048 936 1072 rore
960 1036 1143 1086 pascitur,

1209 455 1297 488 sue,
1317 451 1355 479 et
1376 444 1498 480 omnis
1518 445 1579 480 illa
1600 444 1776 481 Judicum
1806 446 2034 493 multitudo;
2058 460 2127 484 nec
2146 457 2204 485 cst

1208 502 1268 538 vel
1294 502 1370 538 ulla
1398 503 1521 539 tenuis
1551 504 1695 540 mentio
1716 505 1821 554 regni
1849 506 2022 543 coelestis.
2053 509 2204 544 Invenit

1208 561 1396 598 Dominus
1416 562 1538 598 David
1560 563 1681 599 virum
1709 572 1877 600 sanctum
1906 565 2112 603 secundum
2137 581 2202 604 cor

1210 633 1318 656 suum
1332 648 1341 665 ,
1356 621 1593 658 Salomonem
1611 622 1728 658 filium
1740 622 1821 671 ejus
1838 625 2019 672 sapientia
2036 627 2203 663 cumulat

1210 678 1410 726 singulari,
1429 687 1466 715 et
1481 692 1628 716 omnem
1648 681 1751 716 illum
1771 682 2026 731 prophetalem
2044 684 2201 721 chorum

1210 737 1369 786 Spiritus
1386 746 1534 774 sanctus
1552 739 1700 775 ordinat
1722 748 1759 775 et
1774 740 1961 777 infundit:
1982 750 2018 777 et
2043 743 2136 779 nihil
2158 743 2204 780 de

1209 796 1369 832 coelestis
1390 797 1496 845 regni
1519 798 1637 846 gloria
1656 799 1915 848 prophetatur.
1938 801 2085 837 Claudit
2106 803 2204 839 Elias

1210 857 1345 892 coelum
1367 858 1474 893 annis
1493 857 1612 894 tribus
1626 887 1635 904 ,
1651 866 1687 894 et
1703 858 1895 896 mensibus
1918 861 2022 896 sex4.
2050 862 2204 899 Elisaeus

1210 916 1320 952 etiam
1343 925 1516 954 mortuus
1540 926 1733 954 mortuum
1757 919 1842 954 vitae
1871 920 2033 956 restituit
2048 919 2076 966 ⁵,
2098 930 2135 957 et
2156 921 2204 958 ab

1210 975 1269 1012 his
1285 989 1354 1012 nec
1367 977 1426 1012 vel
1441 977 1515 1013 ulla
1533 978 1693 1014 scintilla
1709 977 1827 1014 beatae
1845 979 2048 1016 mansionis
2066 981 2200 1018 elucet.

1211 1035 1310 1082 Quid
1339 1037 1474 1086 plura?
1496 1050 1515 1073 a
1541 1037 1728 1087 principio
1758 1038 1891 1074 mundi
1922 1052 2040 1088 usque
2061 1040 2107 1076 ad
2135 1045 2206 1078 Jo-

148 1105 185 1133 et
216 1096 388 1133 animalis
415 1095 586 1132 vilissimi
616 1095 773 1132 satiatur
802 1095 951 1141 edulio,
979 1095 1147 1144 nihilque
1166 1097 1193 1131 B
1214 1107 1349 1131 aunem
1368 1096 1622 1132 universitatis
1638 1096 1812 1132 humanae
1841 1097 2064 1134 electionem
2090 1101 2207 1136 recol-

147 1164 295 1193 coctum
317 1155 460 1205 accepit
482 1153 691 1203 jejunantis
718 1153 927 1190 austeritas.
959 1154 1144 1202 Castigato

147 1216 271 1252 ventri
291 1224 328 1252 et
343 1214 522 1251 diuturna
541 1212 794 1249 maceratione
821 1212 985 1249 distento
1015 1213 1145 1262 ignota

148 1275 219 1312 fuit
236 1275 397 1311 varietas
417 1273 665 1318 ferculorum,
684 1285 754 1309 nec
769 1272 942 1309 introivit
956 1273 995 1309 in
1009 1286 1051 1310 os
1063 1273 1144 1322 ejus

147 1333 252 1383 quod
269 1334 394 1383 gulam
411 1332 597 1377 alliceret,
627 1332 837 1368 suffarciret
853 1340 1023 1368 ventrem
1037 1360 1048 1378 ,
1067 1341 1145 1369 sto·

148 1393 282 1430 macho
302 1392 552 1430 blandiretur.
574 1391 675 1428 Elias
697 1391 862 1427 comedit
883 1405 1032 1438 carnes,
1055 1401 1092 1429 et
1113 1393 1145 1429 si

148 1453 240 1503 quid
260 1453 362 1490 aliud
381 1451 656 1502 apponebatur,
677 1464 762 1487 cum
777 1451 980 1501 gratiarum
999 1453 1145 1489 actione

149 1511 342 1562 percepit3
364 1526 372 1547 :
398 1524 467 1547 nec
490 1511 652 1560 aliquem
681 1510 838 1559 legimus
865 1524 910 1547 ex
939 1511 1002 1547 illa
1027 1512 1146 1548 veteri

148 1571 299 1608 officina
321 1571 367 1607 ad
393 1571 484 1619 legis
506 1569 618 1617 hujus
639 1570 824 1619 aspirasse
846 1570 1047 1620 fastigium.
1072 1575 1147 1607 Ve-

149 1631 214 1667 stis
229 1642 361 1679 aspera
374 1658 383 1675 ‚
399 1628 505 1666 cibus
521 1629 661 1675 tenuis,
676 1641 782 1666 mens
798 1629 935 1666 devota
947 1658 956 1675 ,
977 1631 1147 1679 profecto

148 1689 357 1739 perfectum
377 1696 600 1725 consecrant
620 1687 887 1724 Patriarcham.

204 1749 238 1786 7.
257 1750 393 1785 Sextus
415 1747 541 1784 honor
560 1755 617 1783 est
632 1747 787 1783 Novitas
805 1746 844 1782 in
864 1746 1145 1796 praedicatione.

150 1809 220 1845 Hic
239 1808 328 1845 volo
343 1816 386 1844 ut
402 1807 573 1844 intendat
588 1806 748 1843 charitas
767 1815 909 1852 vestra,
925 1807 1015 1856 quia
1031 1807 1146 1856 paulo

1210 1154 1305 1204 lige,
1323 1168 1392 1192 nec
1411 1156 1448 1192 in
1471 1169 1644 1192 sermone
1666 1156 1726 1192 vel
1747 1169 1862 1205 opere
1888 1157 1986 1194 illius
2006 1161 2206 1196 sanctuarii

1209 1215 1354 1264 poteris
1369 1215 1535 1265 reperire
1553 1215 1804 1252 dulcedinem.

1264 1275 1299 1311 8.
1329 1276 1423 1311 Veni
1456 1287 1546 1324 ergo
1576 1275 1623 1312 ad
1650 1279 1856 1322 Joannem,
1892 1285 1929 1313 et
1955 1276 2042 1313 audi
2072 1291 2201 1315 vocem

1210 1334 1469 1370 exsultationis
1483 1362 1492 1380 ,
1511 1348 1643 1371 vocem
1668 1335 1865 1381 novitatis,
1888 1349 2018 1372 vocem
2046 1337 2202 1384 laetitiae,

1209 1392 1369 1430 verbum
1398 1393 1688 1439 misericordiae,
1713 1407 1922 1431 sermonem
1947 1396 2097 1444 gloriae,
2124 1397 2206 1433 lar-

1210 1452 1360 1502 gitatem
1388 1453 1538 1503 gratiae,
1565 1453 1668 1502 quod
1691 1454 1877 1490 celaverat
1896 1458 2017 1500 Deus,
2041 1464 2207 1493 tacuerat

1211 1512 1384 1560 angelus,
1402 1512 1560 1548 latuerat
1576 1513 1827 1558 Patriarchas,
1848 1514 2045 1563 Prophetae
2063 1516 2207 1552 nescie-

1212 1578 1308 1607 rant.
1326 1573 1611 1615 Poenitelm'am‚
1632 1571 1772 1620 inquit,
1788 1577 1905 1621 agite‚·
1925 1578 2207 1623 appropinqua-

1213 1633 1258 1664 vit
1277 1634 1374 1665 enim
1403 1643 1554 1678 regnum
1579 1633 1750 1666 coelorum
1767 1631 1794 1667 ⁶.
1824 1632 1989 1668 Verbum
2016 1634 2206 1682 poeniten-

1214 1688 1272 1725 tiae
1292 1689 1401 1726 dulce
1422 1697 1458 1725 et
1473 1690 1699 1738 gloriosum,
1717 1690 1875 1727 verbum
1893 1692 1997 1740 regni
2021 1693 2203 1731 coelorum

1212 1748 1336 1785 laetum
1353 1748 1632 1785 etadorandum
1644 1778 1653 1794 ,
1668 1750 1721 1785 illi
1739 1750 1807 1785 soli
1825 1750 1948 1799 primo
1963 1753 2205 1799 conveniens,

1212 1807 1276 1855 qui
1294 1808 1438 1857 primus
1454 1808 1542 1844 novi
1562 1809 1791 1844 Testamenti
1806 1809 2048 1846 fundamenta
2068 1813 2206 1861 posuit.

150 1867 328 1905 subtilius
345 1866 570 1903 ordiendum
587 1866 753 1903 materiae
774 1867 946 1916 praecipit
963 1867 1149 1916 magnitu-
1171 1870 1198 1906 C
1218 1871 1305 1905 Haec
1320 1877 1376 1905 est
1389 1882 1484 1913 vox,
1505 1867 1551 1905 de
1570 1881 1643 1917 qua
1659 1868 1843 1905 maximus
1858 1869 1918 1905 ille
1932 1871 2209 1920 contemplator

151 1927 213 1964 do.
239 1930 328 1964 Post
344 1935 539 1975 peccatum
557 1925 668 1972 Adae,
687 1939 731 1962 ac
750 1926 850 1963 illius
871 1926 1005 1962 diluvii
1031 1935 1149 1964 vasta-

151 1987 292 2023 tionem
313 1986 540 2032 solemnem‚
560 1986 677 2022 electa
707 1994 763 2022 est
783 1985 974 2034 justorum
1003 1986 1149 2022 infinita

149 2058 269 2095 prope
299 2045 515 2094 plurahtas,
547 2057 632 2080 cum
669 2044 809 2093 quibus
839 2048 942 2081 Deus
974 2044 1068 2080 facie
1101 2044 1147 2081 ad

151 2104 282 2141 faciem
308 2104 456 2140 locutus
489 2103 602 2140 fuisse
634 2103 878 2152 dignoscitur.
906 2104 1148 2140 Transfertur

152 2163 298 2209 Enoch,
325 2163 476 2212 eligitur
497 2166 577 2200 Noe
592 2191 601 2207 ,
630 2172 790 2200 vocatur
807 2162 995 2200 Abraham
1010 2191 1019 2208 ,
1047 2167 1148 2200 Isaac

151 2221 333 2272 diligitur,
350 2221 469 2258 Jacob
490 2225 610 2259 Deum
638 2221 729 2258 facie
751 2222 798 2258 ad
830 2222 959 2259 faciem
977 2230 1148 2258 contem-

153 2283 292 2331 platur,
323 2281 465 2330 Joseph
499 2281 664 2317 salvator
695 2281 826 2318 mundi
853 2290 1011 2318 vocatur
1045 2295 1052 2317 :
1081 2294 1150 2318 nec

154 2349 278 2377 tamen
301 2340 339 2376 in
361 2353 537 2377 sermone
554 2340 622 2377 Dei
645 2339 690 2376 ad
708 2341 816 2386 illos,
840 2341 899 2377 vel
924 2341 1075 2377 illorum
1104 2340 1151 2377 ad

154 2401 350 2443 homines,
374 2401 414 2436 [it
441 2401 566 2450 aliqua
601 2401 743 2436 mentio
775 2400 820 2437 de
854 2401 959 2451 regni
990 2402 1150 2438 coelestis

153 2467 337 2509 perpetua
353 2459 561 2495 mansione.
581 2462 728 2508 Moyses
746 2460 948 2496 assumitur
965 2460 1000 2496 in
1017 2460 1152 2497 ducem

154 2519 298 2568 populo
323 2518 542 2555 Judaeorum
557 2547 567 2566 ,
592 2519 778 2556 Pharaoni
798 2520 836 2556 in
859 2524 980 2557 Deum
1009 2522 1151 2557 consti-

157 2579 274 2615 tuitur
299 2593 306 2614 :
333 2579 418 2615 facit
443 2582 544 2616 Deus
573 2593 641 2629 per
662 2580 785 2629 ipsum
814 2580 852 2616 in
881 2583 1047 2630 AEgypto
1075 2594 1154 2617 ma-

1214 1928 1420 1964 coelestium
1439 1927 1627 1964 visionum
1649 1927 1684 1963 in
1704 1927 1784 1963 haec
1804 1927 1919 1964 rerba
1937 1930 2182 1978 prosequitur
2199 1946 2209 1968 :

1213 1990 1266 2023 Et
1283 2002 1361 2023 vox
1375 1992 1500 2036 prima
1517 2001 1628 2035 quam
1645 1990 1792 2031 audivi,
1809 1992 1904 2023 sicut
1917 1989 2204 2026 citlzaroedorum

1213 2049 1512 2083 cithare'zante'um
1536 2053 1575 2082 in
1603 2048 1756 2083 citharis
1778 2053 1887 2084 suisss.
1906 2052 1937 2085 A
1957 2048 2090 2085 diebus
2114 2050 2206 2086 Adae

1212 2121 1331 2156 usque
1351 2111 1534 2144 Joannem
1550 2134 1559 2151 ,
1579 2120 1763 2156 organum
1793 2116 1961 2143 nostrum
1978 2121 2128 2145 versum
2152 2118 2207 2145 est

1214 2167 1251 2202 in
1268 2179 1398 2203 vocem
1415 2166 1604 2202 flentium:
1626 2166 1713 2215 quia
1728 2174 1966 2215 peccatorum
1988 2167 2211 2216 frequentia,

1216 2238 1285 2261 nec
1310 2225 1541 2274 poenitentiae
1571 2225 1696 2269 locus,
1719 2224 1860 2274 duplex
1880 2233 1959 2261 erat
1985 2225 2210 2275 deplorandi

1218 2285 1383 2320 materia.
1408 2284 1580 2322 Occidis?
1602 2283 1723 2320 occidi
1747 2283 1904 2332 juberis.
1927 2283 2090 2321 Sabbato
2111 2286 2211 2334 ligna

1217 2344 1386 2392 colligis?
1411 2343 1568 2393 lapidari
1595 2343 1762 2392 juberis;
1783 2352 1820 2379 et
1847 2343 1910 2379 ille
1936 2344 1994 2380 cui
2013 2345 2211 2394 proprium

1218 2411 1273 2439 est
1294 2403 1464 2440 misereri
1493 2416 1642 2452 semper
1659 2411 1696 2439 et
1718 2416 1893 2452 parcere,
1914 2404 1983 2439 nisi
2006 2404 2114 2440 ferire
2136 2417 2211 2440 non

1220 2463 1340 2499 novit.
1365 2462 1527 2499 Dederat
1555 2463 1698 2512 quippe
1727 2463 1780 2498 eis
1797 2471 1986 2512 praecepta
2011 2476 2085 2499 non
2115 2462 2215 2500 bona

1220 2530 1496 2572 praeceptorum
1533 2521 1655 2566 dator,
1679 2530 1715 2557 et
1737 2521 2023 2570 justificationes
2057 2523 2093 2558 in
2126 2523 2215 2572 qui-

1220 2580 1290 2617 hus
1310 2582 1438 2618 vivere
1471 2594 1546 2617 non
1569 2580 1763 2630 possentss.
1793 2585 1873 2617 Hoc
1893 2591 1947 2618 est
1970 2582 2072 2630 quod
2091 2581 2217 2630 justus

154 2638 301 2688 gualia,
332 2638 516 2675 mirabilia
548 2638 586 2674 in
622 2647 719 2675 terra
738 2639 873 2685 Cham,
902 2639 1085 2675 terribilia
1112 2640 1150 2676 in
1172 2646 1203 2678 D
1223 2641 1400 2685 miratur,
1425 2640 1553 2676 dicens
1576 2655 1582 2675 :
1628 2640 1697 2676 L'bi
1728 2650 1814 2676 suut
1845 2643 2112 2677 mclserz'conlae‘ae
2141 2652 2218 2677 tme

157 2699 250 2735 mari
278 2697 421 2735 Rubro.
446 2697 626 2735 Ascendit
645 2702 792 2747 Moyses
812 2699 848 2734 in
877 2699 1070 2747 caliginem
1085 2728 1094 2744 ‚
1115 2699 1154 2735 in

155 2769 230 2806 qua
247 2765 327 2793 erat
346 2760 471 2802 Deus,
494 2766 530 2794 et
553 2757 664 2793 datur
687 2758 720 2794 ei
742 2758 778 2793 in
802 2766 927 2794 monte
957 2758 1154 2808 multiplex

156 2826 432 2867 praeceptorum
471 2818 696 2863 auctoritas;
736 2817 902 2867 loquitur
933 2830 1016 2854 cum
1053 2821 1154 2864 Deo,

158 2878 265 2926 quasi
291 2877 405 2913 homo
426 2876 472 2913 ad
498 2877 666 2913 vicinum
687 2890 817 2922 suum;
841 2889 918 2913 non
947 2885 1003 2913 est
1029 2878 1158 2913 occul-

158 2945 274 2973 tatum
300 2950 320 2972 a
338 2940 489 2985 Moyse,
509 2937 612 2986 quod
640 2936 727 2973 fecit
748 2940 846 2973 Deus
866 2937 905 2973 in
924 2937 1098 2982 occulto,
1118 2947 1154 2974 et

159 2995 365 3045 gloriosum
388 3009 526 3032 nomen
559 2996 729 3042 Adonai,
750 2996 852 3045 quod
874 2996 1050 3033 omnibus
1080 2997 1155 3033 fue-

160 3062 217 3090 rat
243 3053 459 3090 ohvelatum
479 3083 489 3100 ,
511 3055 545 3091 ei
567 3056 757 3091 revelatur
783 3069 790 3090 ε
812 3054 875 3091 sed
898 3055 933 3091 in
953 3056 1008 3091 his
1029 3057 1156 3092 omni-

160 3111 232 3148 bus
255 3113 359 3161 regni
386 3114 566 3150 coelorum
597 3114 796 3160 memoria,
827 3127 895 3150 nec
922 3116 1155 3160 nominatur,

161 3185 230 3208 nec
265 3171 427 3209 auditur.
466 3177 572 3210 Astat
608 3177 734 3210 Aaron
774 3186 943 3210 summus
986 3174 1158 3210 sacerdos

1221 2704 1390 2746 antiqua*
1405 2728 1415 2744 ‚
1454 2701 1664 2734 Domineo?
1705 2703 1871 2735 Joannes
1910 2709 2018 2736 natus
2053 2701 2216 2737 ostendit

1221 2757 1536 2794 medicamentum
1564 2758 1730 2803 vulneri,
1753 2768 1906 2808 peccato
1936 2760 2215 2808 pa‘nitentifflu,

1223 2817 1412 2866 iniquitati
1424 2817 1585 2853 veniam.
1602 2820 1687 2852 Haec
1699 2826 1754 2853 est
1773 2818 1892 2866 prima
1905 2831 1977 2853 vox
1995 2847 2003 2863 ,
2016 2832 2127 2867 quam
2143 2833 2217 2855 vox

1223 2876 1418 2911 clamantis
1438 2876 1474 2911 in
1497 2875 1647 2912 deserto
1665 2876 1881 2925 proposuit,
1901 2885 1937 2912 et
1962 2890 2033 2912 vox
2060 2879 2218 2914 turturis

1222 2935 1348 2971 audita
1369 2944 1423 2971 cst
1445 2936 1480 2970 in
1504 2944 1601 2971 terra
1627 2945 1753 2972 nostra
1770 2943 1809 2969 ¹⁰.
1838 2939 1985 2972 Extunc
2003 2937 2101 2973 misit
2122 2938 2159 2973 in
2179 2950 2220 2973 os

1223 3003 1393 3031 nostrum
1418 2995 1602 3031 canticum
1624 3008 1764 3031 novum
1781 3024 1789 3039 ‚
1808 3009 1957 3031 carmen
1977 3000 2055 3032 Deo
2075 3006 2219 3040 nostro,

1224 3062 1260 3089 et
1282 3062 1432 3089 resonat
1451 3055 1486 3090 in
1506 3068 1570 3090 ore
1587 3063 1717 3090 nostro
1732 3055 1935 3103 gratiarum
1952 3056 2069 3098 actio,
2087 3066 2123 3091 ct
2145 3069 2218 3091 vox

1226 3113 1358 3149 laudis.
1399 3114 1659 3163 Supei·e.xaltat
1711 3114 1969 3150 misericordia
2013 3114 2218 3163 judicium,

1225 3173 1486 3222 peccatoribus
1518 3174 1683 3223 parcitur
1699 3202 1708 3218 ‚
1747 3182 1873 3223 regnat
1907 3175 2044 3223 pietas,
2075 3174 2219 3221 justitia

213 3310 221 3325 ¹
242 3304 355 3336 Mauh.
381 3317 442 3343 ιιι,
466 3308 495 3337 li.
515 3324 557 3329 —
577 3305 658 3337 ²1d.
677 3317 711 3336 xi
729 3330 736 3342 ,
756 3310 785 3335 Β.
810 3324 843 3328 -
865 3304 877 3327 3
893 3309 937 3336 111
958 3309 1030 3347 Reg.
1053 3317 1122 3335 xvii
1139 3330 1145 3341 ,
1164 3309 1194 3335 s).
1216 3323 1253 3327 -—
1272 3306 1284 3330 ¹⁸
1308 3304 1387 3335 llud.
1413 3307 1440 3341 1,
1457 3304 1735 3340 2·1Ja‹·0b·v‚17.
1761 3324 1793 3326 ——
1813 3303 1824 3324 ⁵
1847 3308 1886 3334 lx·
1912 3308 1983 3344 Rrg.
2005 3317 2065 3335 xiii
2083 3330 2089 3341 ,
2112 3309 2162 3336 21.
2185 3324 2221 3327 -⁴

161 3355 177 3380 ⁶
199 3358 314 3390 Manli.
332 3369 393 3397 ιιι,
414 3362 445 3390 2.
464 3378 507 3382 —-
528 3365 541 3390 7
562 3362 661 3402 Apoc.
682 3371 751 3398 xiv,
770 3364 800 3391 2.
820 3378 853 3381 —
876 3358 889 3381 ⁸
907 3359 1018 3390 Ezech.
1036 3370 1079 3389 xx
1093 3383 1100 3396 ,
1122 3363 1175 3392 2ζ».
1197 3377 1235 3380 —
1252 3365 1267 3388 ¹)
1284 3358 1361 3389 Psal.
1387 3368 1540 3388 Lxxxviu
1557 3382 1564 3396 ,
1590 3362 1644 3388 520.

1692 3376 1705 3379 ἡ·
1730 3363 1757 3377 ¹⁰
1774 3360 1892 3388 Cantic.
1912 3369 1933 3386 ιι
1950 3381 1956 3393 ,
1979 3361 2029 3387 11)..
