2504 3928
326 179 400 211 (fill)

1286 260 1291 274 ι
1320 252 1368 269 :107

321 267 366 296 μ’,
385 256 430 290 ait
451 253 647 293 Dominus,
662 260 695 286 ct
708 250 1153 297 stantum‹·‹m{1·afin-i‹·m
1170 262 1270 288 luam
1301 282 1308 289 .

324 315 421 361 Quid
446 313 534 349 illud
557 311 788 347 confusionis
805 310 896 353 erit,
916 310 1006 358 quid
1029 311 1198 356 miserim,
1219 314 1309 361 quid
1333 315 1359 345 A

323 374 476 414 doloris,
494 371 646 419 quamlo
660 369 846 418 dissipatis
863 369 959 405 soliis
972 377 1007 404 et
1025 369 1213 419 dispersis,
1232 372 1311 407 uni-

322 446 424 467 xrrsa
459 429 662 467 nudabitur
691 428 909 478 turpitudo,
940 429 1168 465 revelabitur
1201 431 1309 478 igno-

325 492 456 533 minia,
487 491 607 526 sanies
635 488 853 538 apparebit?
873 488 1026 536 quamlo
1048 488 1125 536 jam
1154 488 1310 526 immor-

324 552 404 586 talis
421 551 538 586 sactus
557 550 725 584 internus
744 548 802 583 ille
815 547 1052 583 conscientia·
1068 548 1216 593 vermis,
1234 558 1309 585 tota

323 609 550 655 malignitate
582 606 778 647 corrodet,
807 606 871 642 sed
902 619 976 641 non
1008 615 1204 642 consumet
1230 608 1311 643 ani-

324 682 419 703 mam
439 667 642 710 inst-liceum
662 680 728 702 nee
747 665 815 701 erit
832 665 988 700 oninino
1005 663 1311 702 dissimulationis

322 729 445 773 lorus,
473 735 535 763 aut
561 739 644 775 spes
675 726 748 762 ulla
769 725 1061 761 consolationis?
1083 725 1180 772 Quid
1210 726 1308 761 enim

320 801 438 823 rausre
466 795 544 830 est,
566 785 668 834 quod
690 798 736 820 ne
761 784 873 820 modo
898 783 1049 832 quidem
1074 784 1310 820 conscientia·

321 847 492 882 stinmlos
531 846 713 881 sustinere
751 844 986 892 aliquatenus
1021 852 1204 891 possunt,
1244 843 1307 879 sed

321 913 494 940 avertunt
517 904 646 939 oculos
667 902 808 946 cordis,
826 901 921 937 etad
943 902 1220 937 consolationes
1238 901 1308 937 mi—

320 977 420 999 seras
451 970 744 1006 convertuntur,
778 970 840 997 aut
875 969 974 996 certe
1008 961 1310 996 sinmlationibus

1110 176 1345 211 (uttr'tttm
1377 178 1574 212 Attm't‘ts

2288 179 2364 215 (3¹10

1450 318 1514 346 LII.
1530 335 1570 338 —-
1591 318 1636 346 1)e
1659 315 1756 346 tribus
1775 315 1804 345 in
1828 326 1969 353 carcere,
1987 322 2014 346 et
2032 315 2128 346 tribus
2149 316 2177 347 iu
2195 328 2294 349 cruce.

1430 431 1491 466 (323.
1513 434 1602 466 Tres
1620 430 1655 466 in
1673 443 1821 465 carcere
1841 429 2031 478 quondam
2053 430 2162 466 fuisse
2182 431 2339 479 legimus
2355 460 2364 475 ‚

1378 497 1450 524 tres
1470 489 1504 524 in
1525 502 1646 525 cruce.
1663 488 1802 537 Josepli
1823 488 2006 538 siquidem
2029 502 2112 525 cum
2132 490 2310 538 pincerna
2329 499 2366 526 et

1377 548 1517 596 pistore
1551 548 1646 595 regis
1681 547 1856 583 carcerali
1889 547 2070 583 custodiae
2109 549 2363 598 man‹·ipatus;

1376 608 1542 642 (Iliristus
1569 620 1678 643 verus
1698 607 1838 656 Josepli
1861 620 1944 643 cum
1966 606 2114 643 dnobus
2136 609 2265 657 utique
2282 622 2364 645 sce-

1377 667 1501 703 leratis
1529 675 1722 716 reputatus
1750 675 1816 702 est.
1840 670 1885 703 lit
1905 667 1957 703 illi
1978 667 2130 715 quidem
2156 668 2192 704 in
2218 682 2366 705 carcere

1378 725 1503 761 videre
1536 726 1699 771 smnnia,
1733 734 1770 761 et
1801 725 1954 762 audiere
1986 727 2364 776 iinerpretationem:

1377 785 1433 822 isti
1464 786 1498 820 in
1530 799 1639 821 cruce
1667 784 1779 821 verba
1802 786 1913 821 locuti
1933 795 2036 830 sunt,
2055 795 2091 822 et
2109 800 2205 823 nnus
2224 787 2367 837 accepit

1376 845 1674 893 promissioiwm.
1710 845 1879 881 Priorum
1910 845 2093 893 siqnidem
2115 846 2207 881 alter
2233 847 2367 895 propi-

1376 902 1486 938 nabat
1515 904 1609 951 regi,
1633 912 1669 940 et
1689 903 1830 939 audivit
1861 917 1867 939 :
1902 906 2118 940 I{‹.¹.›·tilue1·is
2146 910 2184 940 in
2205 908 2363 953 gradum

1371 968 1586 1010 pristmum.
1607 964 1710 1000 Alter
1732 963 1905 1012 pascebat
1924 977 2011 999 aves
2026 971 2061 1009 ⁴¹,
2082 973 2118 1000 et
2139 977 2361 1013 responsum

319 1022 507 1071 aliquibus
529 1022 721 1071 decipiunt
738 1020 978 1068 semetipsos,
996 1029 1033 1055 et
1048 1020 1226 1056 mentitur
1248 1020 1311 1055 ini-
1329 1022 1354 1054 Β
1376 1022 1506 1057 mortis
1540 1023 1719 1071 aecepit’.
1742 1023 1815 1072 Ipsi
1843 1023 1983 1072 quippe
2009 1031 2096 1058 sunt
2119 1024 2223 1071 porci
2238 1052 2247 1068 ‚
2269 1037 2364 1072 quos

319 1083 440 1130 quitas
464 1081 532 1117 sibi
557 1096 563 1116 z
592 1081 659 1116 nisi
680 1079 782 1128 quod
805 1078 1050 1114 intolerabilis
1067 1080 1128 1115 ille
1145 1087 1200 1115 est
1220 1092 1308 1114 cru-

320 1142 437 1176 ciatus
456 1162 466 1190 ξ,
487 1140 569 1175 lieet
590 1139 712 1175 adlme
734 1137 949 1174 blandiatur
971 1151 1056 1187 spes
1075 1147 1111 1173 et
1131 1146 1309 1173 extenuet

322 1200 477 1235 omnino
512 1198 730 1247 dolorem),
763 1197 852 1233 dum
887 1196 958 1233 sibi
987 1197 1074 1245 ipsis
1105 1210 1173 1246 pro
1206 1197 1312 1233 libitu

328 1269 499 1308 tempora
526 1259 748 1301 metiuntur,
777 1265 811 1292 et
838 1270 950 1291 omne
976 1256 1077 1304 quod
1100 1265 1236 1305 agunt,
1259 1257 1313 1292 sa-

321 1320 389 1354 cilc
428 1318 665 1361 diluendum,
699 1315 1025 1363 deserendumque
1060 1315 1162 1364 quod
1193 1329 1311 1364 appe-

323 1386 430 1420 tunt,
475 1377 671 1412 temeraria
717 1375 1011 1424 praesumptione
1057 1375 1311 1423 promittunt?

321 1437 391 1472 Sed
431 1445 466 1471 et
506 1437 584 1484 ipsa
613 1433 885 1470 consuetudine
919 1441 956 1468 et
992 1433 1134 1469 incuria
1170 1432 1309 1482 stupidi

321 1504 358 1530 et
393 1495 567 1530 insensati
599 1493 731 1538 corde,
759 1493 835 1528 sere
867 1492 958 1527 nihil
990 1492 1156 1528 sentiunt
1185 1507 1192 1528 :
1225 1506 1309 1541 quae

321 1554 473 1602 quidem
499 1554 626 1589 omnia
651 1551 798 1601 longius
821 1551 1001 1595 aberunt,
1027 1550 1091 1587 ubi
1122 1552 1184 1587 {iet
1208 1551 1311 1600 quod

320 1614 500 1661 seriptum
519 1621 595 1657 est,
617 1614 780 1660 Arguunt
803 1619 848 1654 le,
866 1619 901 1646 et
920 1619 1080 1645 statuam
1103 1619 1229 1645 cmm-u
1242 1608 1312 1657 su-

321 1678 412 1708 ciem
440 1682 552 1708 tuam.

1375 1081 1477 1129 pavit
1511 1081 1570 1116 ille
1597 1081 1777 1130 prodigus
1804 1081 2021 1117 adolescens
2040 1080 2064 1116 3.
2091 1082 2225 1130 Spurci
2245 1082 2365 1131 siqui-

1376 1139 1459 1175 dem
1478 1148 1514 1175 et
1530 1140 1613 1176 elati
1633 1141 1767 1176 merito
1792 1154 1992 1190 porcorum
2013 1149 2050 1176 et
2068 1141 2192 1176 avium
2217 1142 2367 1178 nomine

1379 1199 1634 1248 designantur.
1668 1203 1786 1236 Porro
1822 1213 1952 1236 eorum
1987 1200 2050 1249 qui
2085 1201 2249 1237 crucifixi
2280 1209 2368 1238 sunt

1379 1271 1462 1293 cum
1485 1259 1695 1304 Salvatore‚
1718 1259 1823 1295 alteri
1844 1259 1974 1308 utique
2001 1259 2196 1295 confitenti
2225 1260 2364 1296 dictum

1377 1325 1446 1361 est,
1470 1319 1589 1352 Hodie
1605 1332 1744 1353 tuocum
1766 1323 1839 1353 eris
1860 1323 1896 1353 in
1917 1321 2116 1366 paracliso;
2137 1319 2242 1355 alteri
2267 1319 2366 1356 blas-

1377 1375 1588 1423 phemanti,
1608 1388 1682 1411 non
1702 1376 1854 1424 quidem
1877 1391 1896 1413 a
1913 1377 2076 1413 Domino
2096 1377 2244 1427 (neque
2266 1378 2365 1414 enim

1377 1441 1464 1469 tunc
1480 1434 1541 1469 ille
1556 1433 1749 1482 judicabat
1768 1448 1994 1483 quemquam
2011 1435 2036 1485 ),
2059 1435 2123 1472 sed
2143 1450 2163 1472 a
2181 1437 2281 1473 socio
2302 1450 2365 1473 re-

1377 1505 1555 1540 sponsum
1568 1500 1635 1538 est,
1646 1493 1772 1540 Neque
1787 1502 1823 1528 tu
1841 1502 1947 1529 umes
1962 1497 2092 1538 Deum,
2109 1499 2172 1542 qui
2185 1499 2222 1530 iu
2239 1497 2366 1530 eadem

1377 1554 1622 1588 damnatione
1643 1566 1680 1587 es
1692 1557 1712 1589 ‚³
1724 1552 1822 1600 Quid
1839 1566 1929 1601 ergo
1948 1561 2142 1602 putamus,
2165 1555 2256 1602 quid
2271 1554 2369 1591 duo-

1376 1610 1447 1648 bus
1476 1612 1547 1648 illis
1562 1641 1571 1657 ‚
1591 1625 1752 1661 quorum
1779 1613 1885 1649 alteri
1905 1612 2046 1649 dictum
2070 1621 2143 1658 est,
2158 1616 2369 1650 Restitaeris

1372 1680 1458 1720 post
1476 1680 1546 1706 tres
1566 1673 1663 1716 tlt'es,·
1689 1671 1794 1708 alteri
1810 1700 1819 1717 ‚
1839 1674 1958 1707 Hodie·
1979 1686 2118 1708 mecum
2138 1677 2211 1709 eris
2234 1677 2272 1708 in
2286 1687 2364 1721 pu-

1377 1733 1515 1776 radam,
1544 1739 1683 1780 praeter
1710 1731 1827 1780 ipsam
1856 1744 1944 1768 sane
1966 1731 2183 1768 dilationem
2215 1733 2363 1769 interim

343 1805 394 1833 LI.
416 1820 456 1824 -—
473 1801 565 1843 Quod
579 1802 668 1833 aliter
689 1801 830 1843 spiritum
844 1805 984 1831 nostrum
1004 1799 1176 1842 corporalia
1195 1810 1288 1841 quam
1330 1794 1357 1829 C
1376 1791 1499 1840 potuit
1526 1804 1605 1826 csse
1633 1791 1855 1827 lllolesttun?
1874 1790 1972 1838 Quid
1998 1804 2087 1827 vero
2110 1791 2214 1827 illum
2241 1792 2366 1841 potuit

647 1855 818 1897 spiritualia
843 1859 982 1895 tangunt.

371 1972 432 2008 (32.
463 1975 613 2018 Quanto
645 1970 743 2007 euim
775 1969 842 2006 sibi
870 1969 1053 2013 vicinior,
1087 1977 1124 2005 et
1153 1969 1311 2005 naturali

324 2030 600 2067 nccrssitudine
614 2030 764 2066 charior
777 2029 901 2064 anima
918 2042 1030 2064 carne
1046 2043 1110 2064 sua
1125 2038 1193 2074 est,
1208 2037 1312 2065 tanto

320 2104 440 2126 acrius
474 2090 599 2126 doleat
634 2102 784 2125 necesse
811 2097 891 2133 est,
919 2096 956 2124 et
990 2089 1183 2125 molestius
1219 2089 1313 2125 ferat

319 2151 511 2199 propriam
548 2162 660 2198 quam
695 2161 916 2197 corpoream
949 2147 1164 2193 laesionem,
1195 2147 1261 2184 ubi
1292 2162 1313 2184 a

316 2219 471 2257 stupore
502 2209 573 2244 isto
603 2216 639 2243 et
666 2206 950 2243 insensibilitate
981 2207 1092 2243 fuerit
1119 2208 1279 2243 excitata
1302 2222 1309 2243 z

318 2268 413 2303 sicut
439 2282 458 2303 e
477 2278 606 2303 eontra
639 2266 738 2302 bona
768 2266 941 2314 propria,
966 2274 1002 2301 et
1030 2265 1180 2301 delicias
1200 2265 1311 2314 spiri-

323 2327 459 2370 tuales,
478 2327 741 2373 internamque
758 2325 869 2360 animi
888 2324 1119 2372 voluptatem
1139 2323 1202 2359 ubi
1219 2337 1310 2359 eon-

321 2387 444 2422 tim-rit
478 2384 668 2433 experiri,
703 2397 747 2418 eo
778 2383 908 2431 utique
944 2381 1200 2418 delectabilius
1229 2395 1308 2417 am-

318 2447 528 2495 plectatur,
563 2442 835 2490 iucundiusque
866 2442 1010 2476 fruatur
1034 2449 1204 2490 oportet,
1232 2455 1308 2489 quo

556 2483 569 2491 υ

319 2506 477 2555 propius
497 2513 532 2539 et
555 2503 766 2552 expressius
790 2515 870 2537 eam
907 2509 1088 2549 tangunt,
1113 2514 1180 2537 nee
1201 2510 1306 2537 exte—

1378 1850 1648 1895 delectare‚cui
1664 1850 1804 1886 dictum
1827 1858 1882 1886 est
1902 1865 1909 1886 :
1933 1853 2121 1886 Truncato
2142 1850 2262 1899 capite
2281 1859 2367 1900 post

1379 1909 1544 1945 triduum
1564 1909 1817 1959 suspenderis,
1834 1910 1958 1945 avium
1978 1922 2062 1946 esca
2081 1909 2256 1946 futurus?
2272 1914 2366 1948 Sane

1378 1969 1416 2005 in
1437 1969 1508 2005 hoc
1528 1970 1637 2018 positi
1657 1982 1786 2005 sumus
1801 1982 1944 2013 onmes,
1962 1977 1998 2005 et
2016 1982 2127 2005 nemo
2144 1969 2213 2005 nisi
2231 1969 2268 2005 in
2287 1982 2366 2006 car-

1378 2041 1480 2072 cere,
1511 2028 1590 2064 sinc
1621 2041 1732 2064 cruce
1762 2028 1912 2063 interim
1926 2026 1943 2049 ¹¹
1972 2041 2083 2064 nemo
2107 2041 2115 2064 :
2138 2028 2279 2077 qnippe
2302 2027 2365 2065 ubi

1378 2101 1446 2123 nee
1471 2087 1653 2124 innocens
1673 2088 1863 2124 invenitur
1882 2087 2081 2131 imnmnis,
2102 2087 2256 2136 quando
2275 2101 2366 2137 pec-

1378 2155 1483 2182 cator
1510 2147 1676 2196 requiem
1703 2148 1852 2196 speret?
1873 2149 2056 2183 Caeterum
2078 2147 2105 2182 si
2127 2146 2210 2195 quis
2234 2147 2365 2184 volens

1377 2207 1535 2243 sustinet
1555 2215 1591 2243 et
1612 2207 1718 2252 dicit,
1737 2208 1813 2242 Nos
1829 2207 1975 2254 quidem
1988 2205 2135 2251 juste⁴'‚
2155 2205 2362 2242 mercedem

1376 2266 1528 2302 habebit
1549 2281 1556 2302 :
1579 2267 1634 2302 sin
1656 2275 1779 2302 autem
1800 2266 1939 2301 invitus
1964 2274 2000 2301 et
2027 2265 2311 2314 blasphemans,
2329 2275 2366 2302 ct

1375 2338 1515 2373 negans
1536 2329 1657 2362 Deum
1683 2325 1785 2360 factis
1799 2354 1808 2369 ,
1831 2324 1970 2373 duplex
1992 2325 2025 2360 ei
2043 2325 2222 2361 contritio
2240 2333 2308 2361 est.
2328 2325 2366 2361 Si

1374 2383 1457 2432 quis
1482 2383 1735 2419 testimonium
1765 2382 1876 2418 babet
1905 2382 2058 2426 salutis,
2078 2383 2186 2418 etiam
2213 2391 2250 2418 et
2279 2396 2366 2419 caro

1374 2442 1455 2491 ejus
1492 2444 1691 2492 requiescit
1721 2444 1756 2479 in
1791 2456 1876 2492 spe,
1907 2451 1943 2478 et
1976 2443 2174 2491 Proplietae
2203 2443 2363 2479 farinula

1374 2502 1609 2550 pulmentum
1640 2502 1768 2538 condit
1799 2510 1911 2550 atque
1938 2501 2132 2547 dulcorat,
2159 2510 2200 2538 ut
2226 2502 2262 2538 in
2291 2502 2364 2538 olla

321 2566 398 2601 rius
424 2562 696 2599 mendicantur.
725 2565 842 2598 Nemo
868 2561 1009 2609 quippe
1031 2574 1076 2595 eo
1103 2560 1216 2596 modo
1240 2559 1306 2608 ju·
1329 2561 1447 2609 Djam
1469 2575 1544 2598 non
1567 2574 1687 2607 mors,
1711 2561 1776 2597 sed
1795 2561 1870 2597 vita
1890 2560 1975 2598 sit5.

320 2624 435 2659 m‹·nti
455 2623 511 2658 sui
525 2650 533 2665 ,
554 2635 630 2669 quo
650 2621 821 2669 eorporis
848 2620 924 2662 sui,
949 2620 1150 2656 refectione
1172 2620 1309 2669 poterit

317 2683 507 2719 delectari.
533 2683 653 2718 Placet
674 2679 825 2729 quidem
847 2689 884 2716 et
904 2680 966 2716 illa
989 2694 996 2715 :
1019 2679 1082 2715 sed
1113 2680 1223 2728 longe
1242 2679 1308 2715 ali-

317 2753 373 2779 ter
391 2744 455 2779 ista
476 2742 591 2791 sapit,
607 2741 789 2788 aliterque
808 2741 979 2776 sentitur.
996 2738 1106 2786 Quod
1122 2739 1150 2775 si
1163 2739 1308 2787 jumen-

318 2812 394 2838 tum
429 2802 561 2836 aniniae
587 2812 724 2848 corpus
747 2812 826 2835 esse
855 2799 999 2842 fateris,
1023 2797 1152 2833 eadem
1176 2797 1305 2846 utique

316 2863 409 2897 ratio
442 2860 506 2895 tibi
527 2857 763 2894 observanda
783 2867 838 2894 est
863 2867 900 2893 et
924 2858 960 2893 in
985 2858 1086 2906 ipsis.
1109 2857 1193 2893 Noli
1217 2870 1306 2905 ergo

316 2934 462 2963 errare,
493 2919 569 2954 noli
591 2918 736 2961 seduci,
759 2926 798 2953 ut
826 2918 862 2953 in
893 2916 1155 2966 corporalibus
1177 2916 1306 2952 credas

315 2981 488 3027 spiritum
530 2990 638 3026 posse
682 2976 797 3024 magis
832 2990 943 3025 quam
979 2976 1014 3011 in
1051 2974 1307 3024 spiritualibus

316 3038 509 3074 olilrctari.
548 3037 610 3072 Vel
641 3036 840 3071 humanam
866 3036 1020 3072 consule
1045 3036 1252 3081 rationem,
1278 3035 1306 3072 si

317 3097 406 3134 tides
428 3098 462 3133 in
487 3105 520 3131 u·
542 3096 689 3145 penitus
709 3095 954 3132 obdormivit.

1391 2694 1477 2722 L111.
1495 2708 1538 2712 —
1558 2690 1651 2732 Quod
1669 2690 1735 2721 sine
1753 2689 1935 2732 exceptione
1955 2688 2133 2731 centuplum
2146 2688 2351 2730 promittitur.

1425 2798 1487 2834 (5'1.
1518 2798 1689 2846 Denique
1716 2810 1826 2833 nemo
1855 2809 1953 2833 sanae
1979 2795 2114 2832 mentis
2137 2795 2362 2844 ampliorem

1372 2870 1451 2894 esse
1472 2858 1508 2892 in
1528 2857 1626 2892 vitiis
1644 2857 1784 2902 credat,
1799 2869 1911 2906 quam
1929 2856 1966 2892 in
1984 2854 2188 2892 virtutibus
2205 2854 2364 2891 delecta-

1374 2917 1537 2962 tionem,
1560 2917 1766 2966 praescrtim
1788 2930 1872 2952 cum
1894 2916 1940 2952 sit
1959 2919 2059 2952 Deus
2078 2915 2281 2959 virtutum,
2306 2922 2365 2950 to-

1373 2977 1446 3013 tius
1469 2989 1565 3012 vcrae
1581 2975 1829 3024 jucunditatis
1850 2976 1954 3019 sons,
1973 2975 2107 3011 laetitiae
2131 2982 2168 3010 et
2198 2974 2365 3009 exsulta-

1374 3035 1486 3071 tionis
1517 3036 1633 3084 origo.
1651 3039 1779 3083 *Neque
1801 3035 1899 3070 enim
1930 3034 2031 3070 carni
2051 3046 2114 3069 seu
2137 3031 2278 3069 mundo
2302 3040 2366 3068 aut

1374 3095 1539 3143 maligno
1570 3094 1754 3144 principi,
1779 3093 1843 3130 sed
1865 3094 2013 3131 Christo
2044 3093 2174 3141 utique
2203 3091 2363 3137 servire,

363 3230 370 3244 ¹
394 3223 568 3253 l¹sal.xi.1x
582 3246 589 3259 ,
611 3226 663 3252 21.
682 3240 721 3244 —
739 3227 749 3241 ²
766 3226 843 3252 (zvn.
868 3233 918 3251 xi..
936 3240 977 3244 -
998 3220 1010 3241 3
1034 3225 1104 3252 Luc.
1124 3233 1178 3258 xx,
1204 3227 1255 3253 15).
1271 3242 1313 3245 -ῆ
1335 3222 1348 3247 -3
1363 3225 1436 3253 Luc.
1452 3233 1534 3252 ,xxiii
1551 3245 1557 3258 ,
1577 3223 1693 3253 (ΣΟ-43.
1710 3238 1750 3242 —
1765 3218 1989 3260 ⁵1x'1wg.1x1,
2009 3222 2062 3250 41.

666 3299 697 3302 ’μ
720 3281 732 3300 ¹¹
757 3281 838 3311 alia*
854 3305 861 3315 ,
885 3280 1037 3309 iniuriosi.

362 3287 372 3298 ³
395 3283 477 3313 Alias
489 3305 496 3318 ,
520 3293 581 3311 tor«
593 3295 636 3309 cm.
