2504 3928
386 212 477 248 1327

863 215 925 247 DE
956 213 1289 248 EXCELLENTIA
1321 213 1381 247 SS.
1412 213 1740 255 sAttnAMENrL
1777 214 1951 250 SERMO.

380 308 392 319 u
413 288 585 324 (laudent
606 289 641 323 in
666 288 768 323 emtis
796 289 929 324 amimae
950 296 1200 325 sanctorum¹.
1225 307 1239 320 n
1270 286 1498 326 Sunt⁰⁷³biti
1537 288 1658 337 speeie
1683 287 1923 324 invisibiliter
1953 289 2118 326 creditur

2326 215 2420 252 1328

2145 304 2152 326 :
2189 298 2300 340 atque
2320 293 2420 329 aliud

375 347 486 395 igitur
506 347 588 381 dua·
608 354 732 394 partes
753 347 830 381 istae
852 347 960 382 sinml
982 361 988 382 ε
1018 356 1130 395 caput
1151 348 1308 391 seilicet,
1329 347 1363 384 id
1385 348 1414 380 Α
1432 348 1546 395 gratia
1567 347 1790 396 spiritualis,
1813 361 1897 396 quae
1913 361 1996 384 cum
2019 362 2178 398 corpore
2192 358 2227 386 et
2242 352 2420 398 sanguine

374 414 425 440 est
443 405 609 442 Christus
627 420 634 448 3
654 413 688 439 et
709 405 822 440 altera
843 419 927 454 pars
948 406 1135 454 eorpori5‚
1156 407 1190 443 id
1206 415 1259 443 est
1276 406 1365 442 boni

376 463 564 506 defuncti,
588 477 750 512 quorum
783 478 943 512 corpora
975 466 1214 513 requiescunt
1243 466 1278 501 in
1307 479 1367 501 se—

377 523 535 571 pulcris,
561 532 594 558 et
617 524 749 558 anima*
770 537 853 558 eum
876 524 1021 559 Christo
1042 533 1140 560 sunt.
1166 529 1368 574 Propterea

375 581 412 615 in
437 581 542 616 altari
567 581 648 616 ‹luat-
678 589 801 630 partes
821 590 1059 618 reservantur
1075 591 1178 619 extra
1198 584 1366 628 calicem,

374 638 479 686 quasi
501 648 604 674 extra
631 640 866 688 passionem3
889 640 977 688 quia
1004 640 1099 677 beati
1115 641 1191 689 jam
1223 643 1365 678 nullum

373 697 539 732 sentiunt
558 697 748 742 dolorem,
766 699 944 747 quoniam
967 699 1044 735 haee
1063 700 1188 749 priora
1210 702 1366 737 transie—

374 765 473 792 runt.
501 758 622 793 'sertia
653 759 796 807 portio,
818 772 929 807 quam
953 760 988 794 in
1011 760 1227 809 sanguinem
1253 761 1365 809 poni-

373 827 476 858 mus,
509 816 607 851 illam
647 825 790 865 partem
833 816 1005 854 lieclesire
1044 819 1246 866 significat,
1281 833 1363 868 quae

373 873 522 909 calicem
548 875 697 910 Domini
723 875 817 911 bibit
834 905 842 921 ,
866 876 902 912 id
923 885 978 912 est
999 877 1131 913 Christi
1153 879 1362 926 passionem

375 931 552 968 imitatur.
584 933 649 968 Cui
678 933 712 969 in
746 936 936 983 Apostolis
969 949 988 971 a
1022 936 1186 972 Domino
1223 937 1362 973 dictum

374 999 429 1026 est
449 1006 455 1026 :
485 994 530 1026 lu
551 1006 757 1039 mestum-111
779 993 971 1038 liabeatis;
1002 998 1040 1029 in
1062 997 1198 1030 mundo
1214 1009 1365 1043 pressu—

375 1063 452 1084 ram
474 1050 654 1086 habronis
670 1057 693 1087 ².

431 1112 442 1144 l
460 1109 487 1144 ἰ.
519 1109 637 1155 Odor,
657 1111 798 1159 species
813 1139 823 1156 ,
845 1125 971 1161 sapor,
1000 1112 1148 1161 pondus
1172 1123 1367 1150 remanent

373 1166 419 1202 ad
441 1169 605 1216 mysterii
625 1170 758 1215 ritum,
778 1179 814 1206 et
840 1170 886 1206 ad
907 1179 1038 1220 gustus
1060 1172 1299 1222 suffragium,
1328 1181 1368 1208 ut

377 1226 511 1263 horror
534 1228 684 1276 penitus
710 1230 874 1275 tollatur,
903 1238 940 1265 et
967 1231 1141 1266 meritum
1174 1232 1362 1274 sortiatur.

375 1286 523 1322 Etenim
557 1300 601 1322 ne
634 1288 796 1324 humana
829 1289 1024 1324 infirmitas
1043 1303 1146 1325 esum
1179 1291 1301 1325 carnis
1331 1298 1367 1326 et

377 1352 508 1392 potum
531 1347 721 1394 sanguinis
748 1348 785 1382 in
814 1347 1032 1395 sumptione
1048 1347 1239 1394 horreret,
1258 1349 1366 1384 Chri-

376 1411 454 1437 stus
478 1404 592 1439 velari
614 1413 649 1439 et
670 1405 813 1453 palliari
847 1406 908 1441 illa
927 1405 1004 1441 duo
1033 1407 1153 1442 voluit
1172 1406 1369 1455 speciebus

376 1461 483 1509 panis
504 1470 539 1497 et
557 1463 630 1497 vini
645 1491 653 1508 ,
671 1476 754 1511 quae.
775 1464 872 1499 inter
887 1464 1041 1500 humani
1062 1465 1209 1513 generis
1226 1466 1370 1502 victua—

377 1519 424 1555 lia
452 1520 734 1567 quodammodo
760 1530 888 1558 tenent
913 1523 1176 1572 principatum.
1203 1526 1292 1561 Nam
1324 1524 1370 1560 ad

378 1577 538 1613 litteram
562 1579 713 1627 quidem
732 1593 808 1630 prce
825 1580 916 1616 cibis
934 1581 1110 1618 omnibus
1127 1596 1192 1618 cor
1207 1583 1371 1619 hominis

381 1638 578 1673 conlirmat
601 1639 730 1687 panis,
752 1648 788 1675 et
807 1640 935 1676 vinum
961 1641 1132 1677 laetificat.
1162 1642 1219 1678 Sic
1245 1642 1371 1691 itaque

383 1708 520 1744 toi-pus
541 1705 577 1732 et
594 1698 813 1746 sanguinem
833 1711 941 1735 suum
960 1699 1142 1736 sumenda
1160 1701 1371 1750 proposuit,

385 1763 424 1789 ut
441 1768 571 1791 sensus
591 1757 628 1792 in
650 1771 726 1793 uno
748 1758 952 1802 foveretur,
973 1759 1010 1795 in
1029 1760 1147 1796 altero
1173 1760 1266 1797 fides
1280 1761 1373 1798 aedi-

1434 405 1629 440 visibiliter
1647 414 1682 441 et
1711 405 1956 454 spiritualiter
1980 408 2188 457 percipitur
2212 421 2231 444 a
2252 409 2342 446 solis
2362 409 2421 445 di-

1433 477 1503 511 gne
1535 463 1910 500 communieantibus.
1941 467 2025 502 Tria
2057 467 2198 515 quippe
2226 467 2262 503 in
2295 472 2422 505 Sacra-

1435 531 1559 558 mento
1581 523 1705 559 altaris
1731 523 1925 560 attendere
1953 523 2066 561 debes
2089 539 2096 561 :
2118 525 2276 574 speeiem
2299 527 2418 575 panis,

1434 582 1627 618 veritatem
1658 582 1800 628 carnis,
1835 583 2012 619 virtutem
2049 585 2175 632 gratia?
2204 585 2418 634 spiritualis.

1436 642 1560 688 L'sque
1581 640 1626 676 ad
1649 641 1811 690 speciem
1835 642 1942 690 panis
1961 655 2089 679 sensus
2109 643 2288 693 pertingit
2317 652 2420 680 exte-

1433 698 1537 734 rior:
1568 698 1614 734 ad
1646 699 1840 735 veritatem
1869 701 2011 747 carnis,
2042 701 2132 737 fides
2158 701 2316 738 interior
2339 716 2348 738 ε
2373 703 2419 739 ad

1432 758 1605 793 virtutem
1633 758 1760 805 gratiae
1789 759 2016 807 spiritualis,
2054 760 2214 798 charitas
2235 761 2418 809 superior.

1431 817 1596 865 Speciem
1621 817 1726 866 panis
1753 817 1852 853 rodit
1883 818 2086 867 aliquando
2110 832 2219 856 sorex
2239 820 2420 869 parvissi-

1432 889 1511 911 mus
1530 891 1537 911 ε
1560 876 1781 913 christianus
1798 882 1810 898 ἃ
1836 877 1966 926 recipit
1985 878 2096 914 etiam
2122 879 2302 928 pessimus
2320 893 2328 914 ε
2348 879 2421 914 vir-

1431 943 1546 971 tutem
1569 936 1696 984 gratiae
1728 936 1930 985 spiritualis
1959 937 2109 973 nonnisi
2134 937 2421 986 praedestinatus

1431 995 1574 1043 recipit.
1591 995 1699 1042 Quod
1718 995 1841 1044 itaque
1862 995 2051 1040 videmus,
2074 997 2216 1046 species
2238 1005 2294 1034 est
2313 997 2422 1046 panis

1383 1057 1411 1090 B
1432 1063 1468 1090 et
1486 1054 1574 1090 vini.
1606 1054 1715 1101 Quod
1736 1063 1859 1090 autem
1886 1054 1955 1091 sub
1976 1056 2098 1105 specie
2121 1057 2182 1092 illa
2208 1056 2395 1093 credimus
2409 1085 2420 1101 ,

1432 1125 1561 1148 verum
1581 1127 1717 1163 corpus
1738 1122 1794 1150 est
1807 1123 1842 1150 et
1857 1127 1967 1151 verus
1979 1115 2115 1152 Christi
2132 1116 2301 1164 sanguis,
2318 1115 2421 1164 quod

1432 1173 1611 1221 pependit
1632 1174 1668 1209 in
1697 1186 1823 1218 eruce,
1844 1182 1880 1209 et
1904 1174 1967 1222 qui
1997 1174 2105 1210 fluxit
2127 1174 2173 1210 de
2202 1175 2326 1211 latere.
2347 1178 2422 1212 Co—

1433 1232 1564 1267 niestio
1590 1232 1716 1281 itaque
1746 1232 2042 1278 sacramentalis,
2060 1241 2243 1281 quantum
2271 1232 2316 1269 ad
2337 1233 2424 1269 visi-

1433 1289 1545 1325 bilem
1565 1291 1726 1339 speciem
1742 1319 1751 1336 ,
1769 1299 1805 1326 et
1831 1300 2013 1340 quantum
2034 1292 2079 1328 ad
2101 1292 2271 1342 corporis
2290 1291 2425 1329 Christi

1434 1349 1651 1393 veritatem,
1673 1349 1850 1385 convenit
1872 1349 1982 1386 bonis
2012 1358 2050 1386 et
2079 1351 2184 1386 malis
2215 1351 2425 1386 communi-

1438 1415 1502 1442 ter.
1525 1407 1595 1443 Sed
1625 1415 1680 1443 est
1703 1407 1773 1443 alia
1798 1408 1999 1454 comestio,
2022 1408 2118 1445 sicut
2140 1408 2218 1457 jam
2241 1408 2424 1453 diximus,

1434 1464 1621 1501 honorum
1640 1466 1880 1502 solummodo
1895 1495 1904 1512 ,
1923 1480 2007 1516 quae
2026 1480 2094 1516 per
2113 1467 2180 1503 Dei
2194 1467 2348 1517 gratiam
2363 1495 2372 1512 ,
2390 1475 2427 1503 et

1436 1538 1504 1575 per
1521 1525 1630 1561 {idem
1643 1539 1687 1562 ex
1703 1526 1902 1563 dilectione
1916 1535 2133 1576 operantem
2149 1526 2235 1563 vitae
2252 1527 2425 1563 meritum

1437 1584 1569 1629 eflicit,
1592 1593 1630 1621 et
1649 1585 1801 1622 affectus
1829 1586 2012 1622 mentium
2033 1586 2071 1622 in
2092 1585 2270 1623 cordibus
2302 1585 2427 1635 perci-

1436 1643 1620 1693 pientium
1642 1645 1701 1681 vel
1730 1644 2022 1682 ministrantium
2037 1675 2046 1692 ‚
2072 1645 2330 1682 intercedente
2346 1645 2426 1694 spi-

1438 1703 1559 1739 rituali
1588 1711 1625 1739 et
1651 1703 1839 1740 subtiliori
1873 1704 2033 1753 quadam
2059 1705 2198 1741 unione
2229 1704 2358 1754 capitis
2390 1712 2427 1740 et

1439 1761 1708 1799 membrorum.
1731 1763 1842 1801 Unde
1867 1772 1922 1800 est
1950 1763 2042 1799 illud
2070 1778 2077 1799 :
2104 1781 2118 1795 «
2144 1767 2196 1801 Ut
2223 1763 2332 1800 nobis
2364 1764 2428 1799 fiat

385 1815 568 1852 licaretur.
593 1820 758 1854 Fovetur
789 1819 887 1853 enim
919 1831 1050 1855 sensus
1083 1820 1120 1855 in
1153 1833 1248 1863 uno,
1282 1820 1370 1857 dum
1393 1823 1419 1859 C
1441 1838 1455 1853 »
1474 1834 1613 1871 corpus
1645 1830 1682 1857 et
1714 1823 1864 1872 sanguis
1894 1822 1962 1859 Flii
1988 1822 2088 1858 tui.»
2108 1821 2247 1867 Nobis,
2279 1822 2425 1870 inquit,

380 1874 486 1910 solita
509 1883 652 1912 tautum
674 1885 709 1913 et
738 1885 915 1913 consueta
937 1878 1118 1927 prospicit
1137 1893 1146 1915 ε
1167 1879 1372 1916 aedificatur

381 1933 471 1970 lides
492 1935 528 1970 in
550 1936 688 1982 altero,
710 1936 799 1972 dum
821 1937 932 1972 oculo
951 1937 1074 1973 carnis
1092 1937 1243 1974 vidente
1271 1938 1372 1974 aliud

382 1994 567 2041 exterius,
584 1996 714 2032 oculus
730 1995 853 2032 cordis
869 1995 970 2032 aliud
991 1996 1104 2032 sentit
1124 2005 1160 2032 et
1179 2006 1373 2034 reveretur

385 2051 555 2090 interius.
583 2055 695 2091 Aliud
716 2056 815 2091 enim
845 2056 950 2101 latet,
973 2055 1072 2092 aliud
1103 2065 1216 2105 patet.
1245 2058 1373 2094 Posuit

383 2111 481 2147 enim
514 2113 686 2150 tenebras
708 2114 904 2150 latibulum
931 2113 1083 2150 suutn3.
1116 2116 1370 2163 Quemadmo-

384 2169 473 2206 dum
500 2173 599 2208 enim
632 2175 774 2222 speeies
805 2174 880 2209 illic
900 2174 1090 2220 videntur,
1123 2188 1285 2223 quorum
1315 2189 1374 2213 res

383 2229 441 2264 vel
465 2230 682 2268 substantia:
710 2232 761 2268 ibi
782 2246 860 2269 esse
882 2246 957 2269 non
985 2233 1213 2280 creduntur;
1241 2235 1290 2271 sic
1316 2249 1373 2271 res

384 2289 566 2325 xeraciter
586 2299 621 2326 et
642 2290 936 2327 substantialiter
956 2291 1137 2338 creditur,
1162 2291 1268 2341 cujus
1287 2306 1374 2343 spe-

385 2346 458 2382 cies
480 2361 555 2383 non
587 2350 766 2386 cernitur.
798 2350 954 2386 Videtur
974 2351 1073 2386 enim
1098 2352 1240 2400 speeies
1268 2352 1375 2401 panis

384 2413 419 2440 et
437 2406 512 2441 vini
528 2421 537 2451 ;
556 2415 591 2442 et
609 2407 816 2444 substantia
834 2409 940 2457 panis
958 2418 994 2446 et
1009 2410 1085 2445 vini
1103 2423 1176 2446 non
1193 2411 1373 2448 creditur.

387 2466 561 2501 Creditur
575 2475 696 2502 autem
712 2466 920 2504 substantia
940 2469 1109 2517 corporis
1130 2477 1165 2504 et
1185 2470 1376 2518 sanguinis

385 2524 518 2560 Christi
535 2541 543 2570 ;
563 2535 599 2562 et
625 2536 747 2562 tamen
775 2529 917 2576 species
938 2541 1014 2563 non
1031 2528 1208 2564 cernitur.
1233 2532 1376 2577 Propo-

1438 1881 1511 1917 liat.
1536 1880 1592 1918 Fit
1617 1881 1714 1917 enim
1737 1881 1868 1930 procul
1899 1880 2015 1917 dubio
2049 1894 2186 1930 corpus
2207 1881 2361 1917 Domini
2388 1881 2426 1917 in

1438 1953 1565 1977 mensa
1588 1940 1712 1977 altaris
1732 1953 1881 1990 semper
1895 1969 1904 1986 ‚
1929 1954 2013 1977 cum
2033 1941 2200 1977 solemne
2222 1940 2312 1976 illud
2329 1941 2429 1977 cele·

1437 1999 1568 2036 bratur
1585 1999 1802 2048 mysterium
1823 2000 1892 2036 ritu
1913 1999 2040 2036 debito
2059 2014 2066 2036 :
2088 1999 2152 2037 sed
2182 2013 2258 2036 non
2281 2013 2430 2049 semper

1439 2058 1492 2094 eis
1512 2058 1552 2093 fit
1567 2085 1576 2103 ‚
1597 2071 1664 2107 per
1679 2070 1774 2106 quos
1790 2059 1842 2093 lit.
1863 2057 1972 2095 Unde
1987 2057 2078 2093 illud
2097 2058 2183 2093 item
2199 2058 2236 2093 in
2255 2060 2427 2095 Canone:

1440 2135 1453 2149 «
1475 2121 1527 2155 Ut
1541 2125 1730 2166 quotquot
1750 2130 1795 2153 ex
1825 2117 1892 2153 hae
1913 2116 2039 2153 altaris
2056 2116 2342 2166 participatione
2363 2120 2430 2153 Sa-

1441 2193 1456 2209 »
1480 2185 1709 2213 cramentum
1733 2177 1815 2214 Filii
1837 2176 1890 2213 tui
1911 2176 2206 2225 sumpserimus,
2232 2176 2335 2212 omni
2363 2175 2431 2212 be-

1441 2254 1454 2269 »
1476 2236 1690 2273 nedictione
1704 2237 1843 2274 coelesti
1859 2245 1895 2273 et
1908 2236 2024 2285 gratia
2040 2236 2252 2285 repleamur
2270 2236 2294 2271 ⁴.
2317 2253 2330 2269 υ
2347 2239 2430 2272 Non

1441 2295 1539 2331 enim
1561 2309 1692 2332 omnes
1714 2295 1778 2344 qui
1792 2309 1930 2345 corpus
1945 2295 2096 2332 Domini
2116 2302 2269 2331 sumunt
2285 2307 2330 2330 ex
2347 2306 2432 2343 par-

1442 2353 1658 2403 ticipatione
1672 2354 1811 2398 altaris,
1832 2354 2075 2402 spiritualiter
2091 2353 2150 2389 illa
2168 2351 2431 2389 benedictione

1443 2412 1583 2448 coelesti
1598 2412 1765 2461 etgratia
1785 2413 1990 2461 replentur.
2012 2410 2122 2449 Unde
2141 2410 2300 2446 estillud
2314 2439 2323 2455 ,
2344 2427 2357 2441 «
2381 2413 2431 2447 Ut

1445 2488 1459 2503 »
1479 2470 1580 2519 quod
1611 2470 1870 2520 temporaliter
1898 2471 2084 2519 gerimus,
2107 2470 2256 2506 aeternis
2287 2469 2431 2517 gaudiis

1443 2548 1456 2563 »
1478 2543 1752 2578 consequamur
1775 2545 1782 2566 ε
1809 2547 1823 2562 »
1855 2531 1962 2575 item,
1980 2547 1994 2562 «
2028 2533 2079 2567 Ut
2111 2542 2195 2578 quae
2223 2527 2432 2565 visibilibus

387 2584 488 2619 nitur
509 2585 621 2632 igitur
641 2587 781 2634 species
808 2587 913 2635 panis
939 2595 975 2623 et
1006 2587 1103 2633 vini,
1131 2596 1170 2623 ut
1195 2588 1375 2624 doceatur
1392 2592 1424 2625 D
1442 2589 1656 2637 »mysteriis
1676 2589 1856 2625 sumenda
1873 2589 2130 2638 percepimus,
2152 2586 2330 2624 invisibili
2344 2601 2434 2623 con-

387 2644 495 2692 plena
529 2653 564 2680 et
599 2646 761 2694 perfecta
798 2658 876 2681 esse
910 2646 1062 2682 resectio
1093 2647 1129 2682 in
1163 2648 1378 2696 sumptione

386 2704 555 2751 eorporis
573 2713 607 2740 et
625 2705 815 2754 sanguinis
832 2705 981 2750 Christi,
1004 2706 1115 2754 plena
1135 2707 1286 2742 resectio
1306 2707 1378 2743 cibi

385 2769 422 2796 et
438 2771 559 2811 potus.
578 2763 655 2800 Cibi
678 2773 801 2799 autem
822 2773 857 2799 et
879 2773 991 2813 potus
1007 2764 1224 2803 substantia»
1238 2766 1378 2815 princi-

388 2822 491 2870 pales
511 2831 596 2858 sunt
619 2824 725 2872 panis
746 2832 781 2859 et
800 2824 944 2859 vinum.

446 2883 499 2917 15».
521 2886 611 2919 Cum
640 2892 762 2918 autem
783 2896 898 2919 unum
920 2883 966 2919 sit
981 2887 1258 2921 Sacramentum
1277 2912 1286 2929 ,
1309 2885 1378 2921 tria

389 2940 439 2975 ihi
462 2941 618 2977 discreta
647 2951 936 2991 proponuntur,
958 2943 1097 2979 seilicet
1120 2944 1261 2993 species
1285 2945 1377 2981 visi-

388 2999 489 3045 bilis,
512 3002 645 3036 veritas
660 3002 828 3050 eorporis
843 3030 851 3046 ‚
875 3011 910 3037 et
929 3003 1047 3038 virtus
1064 3003 1190 3051 gratize
1207 3003 1378 3051 spiritua-

387 3059 442 3094 lis.
477 3059 583 3095 Aliud
617 3069 671 3095 est
704 3074 811 3109 specs
830 3075 845 3095 s
876 3060 1049 3106 visibilis,
1071 3074 1153 3109 quae
1183 3061 1379 3098 visibiliter

387 3120 552 3155 cernitur
574 3135 580 3155 :
608 3121 707 3156 aliud
731 3121 864 3155 veritas
881 3122 1071 3170 eorporis,
1090 3133 1173 3169 quae
1201 3120 1271 3157 sub
1289 3122 1378 3158 visi-

1446 2664 1460 2679 »
1477 2660 1677 2695 sequamur
1701 2646 1859 2683 effectu—⁹>
1880 2662 1887 2683 :
1919 2664 1933 2680 υ
1961 2655 1998 2684 et
2027 2647 2143 2683 multa
2176 2647 2213 2683 in
2231 2646 2332 2683 hunc
2349 2659 2432 2682 mo-

1445 2706 1547 2742 (Ῑιιιιι.

1501 2766 1558 2802 16.
1582 2768 1661 2802 Hoc
1685 2765 1808 2814 itaque
1834 2768 2114 2802 Sacramentum
2137 2766 2184 2802 ab
2210 2773 2350 2801 aeterno
2374 2778 2434 2802 re-

1445 2825 1631 2874 positum,
1662 2824 1813 2861 diabolo
1845 2826 2025 2871 celatum,
2060 2825 2257 2875 Prophetis
2289 2824 2434 2861 revela-

1447 2892 1544 2929 tum,
1565 2884 1807 2920 sollicitudini
1832 2892 1965 2921 vestrae
1994 2884 2202 2928 creditum,
2228 2883 2353 2920 debita
2379 2891 2435 2920 est

1444 2942 1647 2991 gratiarum
1676 2942 1824 2979 actione
1846 2942 2167 2992 prosequendum.
2201 2945 2232 2980 O
2257 2954 2403 2978 sacrum
2421 2969 2432 2985 ,

1446 3016 1468 3038 o
1488 3002 1637 3038 eoeleste
1656 3002 1900 3038 ministerium
1929 3011 2117 3047 vestrum,
2139 3000 2324 3038 laudabile
2341 3000 2437 3037 desi-

1445 3061 1589 3097 derium
1602 3088 1610 3104 ‚
1631 3061 1775 3109 insigne
1794 3062 2048 3109 spectaculum
2061 3088 2070 3105 ,
2087 3061 2252 3097 solemne
2273 3059 2434 3096 miracu-

1444 3121 1543 3156 lum!
1566 3122 1665 3155 Deus
1685 3119 1747 3169 qui
1770 3119 1949 3155 mirabilis
1965 3119 2069 3156 estin
2085 3116 2273 3163 omnibus,
2294 3130 2332 3154 se
2353 3118 2434 3167 ipso

441 3258 446 3271 ¹
473 3256 504 3281 ln
525 3252 613 3282 oilie,
636 3253 716 3283 [cet.
740 3253 776 3283 de
796 3253 998 3292 Manis-ntum.
1032 3272 1048 3275 —
1076 3259 1085 3273 2
1108 3256 1200 3284 Joan.
1218 3264 1294 3292 ΧΠ,
1317 3256 1372 3285 33.
1391 3272 1432 3275 -
1457 3251 1471 3274 ³
1491 3251 1568 3282 Psal.
1589 3261 1678 3287 xvxi,
1704 3253 1754 3282 12.
1774 3267 1815 3272 --
1835 3246 1909 3282 ⁴Ex
1927 3250 2053 3282 Canone
2068 3249 2182 3282 Missae.
2203 3267 2244 3272 —
2263 3247 2276 3270 ⁵
2295 3251 2330 3280 In
2343 3251 2431 3280 Orat.

389 3316 542 3337 ΓυΙΙΙΙΙΙΙΙΙΙ.

1372 3311 1384 3327 ²
1399 3305 1514 3348 Supple
1542 3304 1712 3336 veritatem.
