2418 3949
143 151 216 187 085
856 153 1156 188 MEDITATION
1162 151 1215 187 ES
1244 154 1286 189 Pl
1294 153 1476 191 ISSDIAE.
2115 155 2162 189 68
2169 156 2191 187 t}

137 240 287 264 versum
319 235 375 264 est
404 226 493 263 mihi
519 226 556 263 in
579 227 823 263 contrarium.
844 230 937 264 Nam
967 228 1067 277 tepui
1090 236 1128 264 et
1140 227 1404 276 ⁵⁵²excitatur3
1424 239 1460 267 et
1477 231 1545 267 nisi
1566 231 1665 269 illico
1685 240 1898 282 respuatur,
1919 230 2046 269 subito
2067 238 2186 267 totum

138 287 249 337 srigui
268 300 289 324 a
309 287 456 324 fervore
471 287 671 333 orationis,
691 295 728 324 et
739 286 819 336 jam
834 287 914 324 sine
933 301 1044 325 sensu
1061 288 1128 325 fri·
1143 291 1175 323 A
1195 301 1334 338 corpus
1363 299 1543 340 occupat,
1564 291 1657 336 urit,
1677 299 1715 327 et
1744 290 1922 327 incendit.
1951 290 2079 328 Primo
2107 303 2187 326 car-

136 346 244 396 gidus
267 347 428 384 remansi
443 363 450 383 :
466 355 504 384 et
518 346 604 384 ideo
625 347 716 384 flere
730 360 788 384 me
808 348 930 397 ipsum
947 361 1024 384 non
1040 360 1130 397 pos-

136 418 237 452 sum,
255 406 434 456 quoniam
451 406 567 456 gratia
588 406 838 455 lacrymarum
855 406 1008 443 recessit
1023 419 1044 443 a
1057 419 1128 442 me.

491 538 668 578 CAPUT
696 539 769 577 XI.

137 656 184 685 De
209 653 370 684 individuo
394 653 541 684 comitatu
566 653 761 684 conscientiae
784 664 842 685 nos
871 653 986 695 ubique
1012 663 1128 684 remor-

580 705 692 738 dentis.

188 824 251 860 32.
270 826 425 860 Peccata
438 837 521 860 mea
532 824 655 861 celare
668 837 745 861 non
759 837 910 874 possum
922 853 932 871 ‚
947 825 1128 874 quoniam

135 895 376 932 quocumque
396 882 515 928 vado,
538 883 769 919 conscientia
790 896 870 920 mea
893 897 1039 920 mecum
1056 893 1126 929 est,

134 955 259 980 secum
285 951 441 993 portans
462 942 646 992 quidquid
676 943 716 979 in
740 955 783 979 ea
804 944 937 993 posui,
959 945 1036 980 sive
1056 943 1129 980 bo·—

1195 360 1281 383 nem
1303 349 1529 397 cogitatione
1546 349 1734 386 modicum
1757 350 1880 387 titillat
1899 364 1907 387 :
1928 349 2065 386 deinde
2084 348 2186 386 dele—

1195 407 1360 444 ctatione
1386 409 1486 457 turpi
1519 417 1682 445 mentem
1712 409 1893 453 maculat;
1916 417 1953 446 et
1981 408 2028 445 ad
2056 416 2184 444 extre-

1194 480 1296 504 mum
1328 481 1398 518 per
1427 482 1651 506 consensum
1689 470 1884 519 pravitatis
1917 468 1987 506 sibi
2020 476 2184 505 mentem

1194 525 1382 576 subjugat.
1402 531 1522 564 Porro
1539 526 1712 564 diabolus
1725 541 1837 577 quem
1858 527 1986 564 videre
2005 540 2080 564 non
2103 539 2186 576 pos-

1193 597 1294 630 sum,
1313 594 1350 622 et
1368 585 1453 623 ideo
1474 586 1598 622 minus
1613 585 1660 622 ab
1681 599 1726 623 eo
1746 586 1835 622 mihi
1860 599 2012 632 cavere,
2028 585 2186 622 tetendit

1193 656 1321 680 arcum
1340 657 1471 688 suum,
1497 653 1533 680 et
1552 645 1590 680 in
1611 657 1656 681 eo
1675 645 1825 694 paravit
1846 645 1996 693 sagittas
2017 658 2122 688 suas,
2145 652 2187 680 ut

1193 704 1367 740 vulneret
1392 717 1452 740 me
1476 712 1645 753 repente.
1671 703 1846 740 Narravit
1870 712 1912 739 ut
1937 703 2188 740 absconderet

1193 763 1348 812 laqueos
1370 776 1458 800 suos
1471 792 1481 809 ,
1501 771 1539 799 et
1558 763 1651 799 dixit
1671 776 1678 798 :
1704 765 1796 808 Quis
1821 761 1959 798 videbit
1983 776 2042 798 eos
2058 768 2064 783 ¹
2081 763 2094 797 ἓ
2114 766 2186 799 La-

1193 835 1333 871 queum
1352 822 1479 872 posuit
1495 822 1533 858 in
1551 835 1645 858 auro
1660 830 1698 857 et
1711 830 1885 870 argent03
1901 820 1991 857 etin
2011 820 2188 856 omnibus

1195 881 1332 931 quibus
1354 881 1559 928 abutimur,
1585 895 1670 918 cum
1691 881 1764 917 illis
1785 881 1880 917 male
1903 880 2133 916 delectamur
2152 888 2190 915 et

1195 942 1454 991 illaqueamur.
1470 945 1546 979 Nec
1565 941 1687 977 solum
1705 940 1881 989 laqueum
1906 939 2053 988 posuit,
2068 937 2131 974 sed
2153 946 2190 974 et

134 1016 245 1048 num,
273 1003 352 1040 sive
381 1003 534 1040 malurn.
561 1005 695 1040 Servat
720 1003 829 1048 vivo,
857 1004 1030 1040 restituet
1056 1001 1173 1040 (le-B
1194 1001 1351 1037 viscum.
1374 1001 1505 1037 Viscus
1532 1008 1587 1036 est
1609 1012 1717 1036 amor
1740 998 2007 1048 possessionis,
2035 998 2189 1034 affectus

135 1063 265 1099 functo
285 1062 497 1113 depositum
524 1062 628 1112 quod
656 1061 885 1099 servandum
914 1064 1068 1113 accepit.
1093 1064 1130 1101 Si

135 1121 231 1158 male
249 1122 366 1168 facio,
390 1121 495 1159 adest
513 1122 595 1169 illa3
615 1121 646 1158 si
665 1130 790 1158 autem
811 1121 908 1159 hene
933 1123 1053 1160 facere
1073 1124 1129 1159 vi-

137 1181 244 1227 deor,
258 1189 297 1218 et
313 1181 403 1218 inde
419 1182 596 1228 extollor,
611 1181 716 1218 adest
728 1181 803 1218 illa.
822 1181 939 1219 Adest
948 1182 1037 1218 vivo
1050 1211 1059 1228 ‚
1074 1195 1130 1219 se-

134 1241 263 1290 quitur
278 1249 486 1278 mortuum.
503 1240 655 1290 Ubique
668 1240 758 1277 mihi
771 1242 904 1290 gloria,
919 1242 978 1278 vel
994 1243 1128 1279 confu-

134 1301 188 1337 sio
208 1309 264 1338 est
283 1300 542 1351 inseparabilis
559 1315 630 1351 pro
650 1301 830 1350 qualitate
848 1302 1023 1351 depositi.
1045 1303 1126 1349 Sic,

135 1360 186 1397 sic
199 1360 239 1397 in
259 1360 375 1397 domo
391 1361 566 1411 propria,
585 1369 622 1397 et
638 1374 659 1397 a
673 1361 831 1410 propria
848 1361 988 1398 familia
1002 1361 1125 1399 habeo

136 1427 372 1456 accusatores
383 1448 392 1465 ‚
406 1428 529 1466 testes,
541 1433 555 1469 J
563 1420 690 1456 udices
701 1448 710 1466 ‚
725 1428 763 1456 et
778 1428 954 1457 tortores.
968 1426 1130 1459 Accusat

138 1491 197 1515 me
216 1479 468 1524 conscientia,
486 1479 589 1515 testis
601 1487 658 1515 est
674 1480 875 1525 memoria,
889 1480 985 1516 ratio
997 1479 1130 1528 judex,

139 1538 316 1587 voluptas
335 1549 464 1574 carcer
477 1565 488 1583 ,
510 1537 625 1573 timor
641 1545 783 1583 tortor,
808 1537 1130 1574 oblectamentum

138 1604 389 1634 tormentum.
416 1599 614 1646 Quotquot
645 1597 746 1633 enim
782 1597 936 1633 fuerunt
963 1596 1132 1634 oblecta-

137 1664 266 1693 menta
282 1656 398 1702 mala,
415 1664 472 1692 tot
488 1664 601 1692 erunt
621 1664 810 1692 tormenta
825 1655 907 1692 dira
926 1656 964 1692 in
985 1669 1098 1706 poena
1120 1671 1127 1693 :

137 1727 223 1752 nam
244 1715 333 1752 inde
361 1715 564 1765 punimur,
586 1715 687 1752 unde
711 1715 954 1752 delectamur.

475 1847 651 1886 GAPL‘T
681 1847 775 1885 XII.

159 1971 208 2001 De
220 1968 318 2001 tribus
332 1968 465 2001 inimicis
478 1968 614 2000 hominis
625 1994 632 2008 ,
649 1980 756 2007 carne,
775 1969 906 2008 mundo,
922 1975 951 2000 et
967 1969 1105 2001 diabolo.

189 2075 251 2112 33.
277 2074 427 2124 Adjuva
455 2088 534 2121 me,
559 2075 722 2112 Domine
753 2079 855 2113 Deus
880 2088 1005 2122 meus,
1030 2089 1130 2124 quo-

136 2135 236 2171 niam
261 2135 401 2172 inimici
424 2136 497 2171 mei
524 2135 686 2172 animam
719 2148 838 2172 meam
867 2135 1130 2172 circumdede-

135 2203 224 2231 runt
247 2209 255 2226 ³
277 2207 418 2244 corpus
444 2195 601 2240 scilicet,
627 2195 810 2241 mundus,
832 2204 869 2231 et
891 2195 1076 2232 diabolus.
1099 2198 1132 2231 Α

133 2267 296 2304 corpore
329 2255 455 2303 sugere
486 2267 561 2290 non
589 2267 765 2304 possum3
793 2267 862 2291 nec
887 2255 1010 2304 ipsum
1031 2267 1052 2290 a
1073 2267 1131 2290 me

134 2313 275 2362 fugare.
297 2313 550 2351 Circumferre
569 2313 662 2350 illud
684 2327 834 2351 necesse
854 2322 927 2359 est,
951 2313 1129 2363 quoniam

134 2373 324 2422 alligatum
346 2381 403 2410 est
422 2374 513 2410 mihi
532 2389 540 2410 ε
560 2374 746 2423 perimere
764 2387 838 2410 non
859 2374 964 2419 licet,
982 2382 1132 2410 susten-

135 2442 213 2470 tare-
247 2446 385 2483 cogor3
414 2442 451 2470 et
481 2447 566 2470 cum
595 2433 690 2470 illud
725 2433 944 2484 impinguo,
983 2433 1130 2470 hostem

134 2506 260 2529 meum
281 2493 482 2530 adversum
506 2506 566 2530 me
584 2494 724 2531 nutrio.
744 2495 780 2531 Si
799 2494 899 2530 enim
918 2493 1006 2530 satis
1021 2506 1128 2530 com-

1195 1060 1454 1110 cognationis,
1477 1059 1662 1110 cupiditas
1681 1058 1860 1103 honoris,
1880 1066 1917 1094 et
1942 1057 2064 1093 carnis
2085 1057 2191 1092 volu·

1195 1129 1278 1170 ptas
1299 1134 1306 1155 :
1328 1119 1464 1170 quibus
1489 1120 1612 1156 anima
1635 1119 1842 1155 inviscatur
1868 1126 1906 1153 et
1929 1116 2117 1161 irretitur,
2144 1128 2191 1151 ne

1195 1181 1330 1230 pennis
1343 1180 1674 1229 contemplationis
1685 1191 1753 1228 per
1764 1178 1906 1228 plateas
1917 1188 2088 1226 supernae
2101 1175 2188 1211 Sion

1194 1240 1322 1276 volare
1340 1240 1469 1289 possit.
1489 1239 1637 1288 Sagittae
1659 1237 1800 1274 diaboli
1820 1244 1907 1273 sunt
1926 1235 2001 1280 ira,
2023 1233 2166 1270 invidia
2179 1262 2188 1278 ,

1194 1300 1343 1336 luxuria
1355 1328 1364 1344 ,
1386 1307 1423 1336 et
1441 1307 1575 1336 caetera
1594 1296 1732 1347 quibus
1747 1296 1872 1333 anima
1890 1295 2123 1331 vulneratur.
2146 1296 2192 1329 Et

1198 1358 1282 1407 quis
1305 1368 1361 1395 est
1379 1359 1442 1395 ille
1469 1358 1534 1408 qui
1561 1357 1685 1407 jacula
1709 1354 1791 1404 ejus
1818 1355 1926 1404 ignea
1954 1353 2192 1401 exstinguere

1198 1418 1339 1467 possit?

1293 1512 1373 1544 Proh
1387 1512 1492 1543 dolor!
1510 1511 1560 1542 his
1574 1511 1641 1542 telis
1654 1515 1817 1553 superatur
1830 1519 1910 1550 saepe
1925 1507 2035 1539 fidelis.

1339 1569 1408 1597 Heu
1427 1565 1519 1596 mihi!
1544 1570 1621 1606 quot
1638 1564 1730 1595 video
1747 1563 1829 1594 bella
1847 1568 1955 1604 parata
1976 1560 2072 1592 mihi!

1251 1658 1313 1694 31.
1335 1656 1514 1706 Undique
1531 1656 1603 1693 tela
1624 1656 1774 1700 volant,
1793 1653 1963 1703 undique
1984 1661 2193 1690 tentamen-

1198 1726 1253 1764 ta,
1276 1716 1444 1766 undique
1464 1716 1641 1767 pericula.
1668 1718 1917 1763 Quocumque
1942 1725 2001 1749 me
2029 1720 2192 1758 vertam,

1149 1777 1176 1812 C
1200 1777 1302 1813 nulla
1333 1776 1514 1813 securitas
1541 1784 1609 1812 est.
1645 1778 1692 1812 Et
1721 1787 1804 1824 quae
1831 1773 2020 1817 mulcent,
2047 1780 2085 1808 et
2108 1785 2192 1821 quae

1202 1836 1368 1881 tristant,
1390 1836 1451 1872 vel
1484 1836 1703 1881 molestant,
1729 1833 1856 1871 omnia
1879 1832 1993 1869 timeo
2015 1845 2023 1867 ε
2050 1831 2192 1868 esuries

1199 1904 1237 1932 et
1264 1895 1439 1940 resectio,
1466 1907 1622 1931 somnus
1649 1902 1687 1930 et
1713 1893 1869 1942 vigiliae,
1900 1890 2008 1928 labor
2026 1898 2064 1927 et
2085 1891 2193 1939 quies

1197 1963 1369 2005 pugnant
1396 1963 1527 1991 contra
1553 1967 1625 1990 me.
1652 1956 1738 1990 Non
1762 1952 1887 1989 minus
1917 1958 2114 2000 suspectus
2138 1958 2194 1986 est

1198 2014 1288 2050 mihi
1302 2013 1431 2062 jocus,
1448 2027 1560 2063 quam
1582 2014 1647 2050 ira.
1667 2011 1808 2049 Multos
1827 2008 2012 2059 siquidem
2028 2007 2192 2057 jocando

1196 2074 1460 2111 scandalizavi.
1479 2076 1555 2111 Nec
1575 2073 1701 2109 minus
1720 2083 1902 2122 prospera
1925 2081 2060 2106 vereor
2079 2081 2193 2117 quani

1199 2134 1367 2171 adversa.
1385 2137 1574 2183 Prospera
1593 2145 1757 2181 namque
1773 2130 1957 2168 suavitate
1977 2141 2043 2165 sua
2061 2129 2193 2164 incau-

1197 2201 1277 2230 tum
1311 2206 1370 2229 me
1403 2193 1563 2238 faciunt,
1588 2200 1625 2228 et
1658 2190 1874 2240 decipiunt.
1907 2187 2076 2226 Adversa
2101 2199 2192 2223 vero

1197 2253 1284 2302 quia
1308 2252 1447 2301 aliquid
1471 2250 1730 2288 amaritudinis
1757 2248 1918 2293 habent,
1939 2247 2044 2284 velut
2063 2246 2192 2296 potio-

1198 2325 1263 2348 nes
1284 2324 1420 2348 amarae
1449 2324 1508 2347 me
1536 2318 1752 2360 suspectum
1773 2317 1811 2346 et
1837 2307 2012 2344 timidum
2038 2306 2191 2342 faciunt.

1196 2371 1313 2421 Magis
1345 2370 1458 2406 timeo
1481 2369 1620 2406 malum
1644 2367 1747 2418 quod
1772 2367 1866 2404 facio
1890 2367 1926 2403 in
1944 2365 2190 2410 abscondito,

1195 2444 1307 2481 quam
1341 2429 1445 2480 quod
1479 2430 1513 2466 in
1542 2437 1685 2479 aperto.
1718 2427 1859 2464 Malum
1892 2438 2055 2475 namque
2086 2424 2191 2474 quod

1196 2503 1307 2527 nemo
1324 2489 1446 2534 videt,
1466 2489 1592 2526 nullus
1615 2485 1856 2538 reprehendit
1878 2500 1886 2522 ε
1908 2493 1946 2522 et
1965 2483 2031 2521 ubi
2053 2497 2129 2520 non
2150 2484 2192 2520 ti-

135 2552 269 2598 edero,
291 2561 330 2589 et
352 2552 390 2588 id
421 2551 619 2589 robustum
652 2553 781 2598 fuerit;
811 2553 950 2590 sanitas
978 2561 1016 2589 et
1046 2553 1126 2589 sor·
1144 2556 1178 2589 D
1195 2559 1319 2587 inetur
1337 2548 1602 2599 reprehensor,
1621 2559 1776 2584 securus
1794 2544 1937 2582 accedit
1958 2551 2137 2587 tentator,
2155 2551 2193 2579 et

135 2609 259 2646 titudo
277 2609 356 2659 ejus
373 2610 464 2646 mihi
481 2610 738 2647 adversantur.
761 2611 926 2647 Mundus
942 2624 1034 2647 vero
1055 2612 1130 2647 cir—

135 2669 339 2718 cumcingit
354 2677 391 2706 et
404 2668 553 2706 obsidet
564 2682 622 2705 me
635 2669 817 2719 undique,
833 2678 870 2705 et
884 2683 953 2720 per
963 2670 1132 2720 quinque

136 2736 284 2777 portas,
307 2728 482 2765 videlicet
502 2742 570 2778 per
598 2729 766 2778 quinque
787 2730 959 2780 corporis
977 2743 1130 2776 sensus,

136 2789 277 2824 scilicet
298 2789 438 2834 visum,
456 2788 644 2836 auditum,
662 2797 810 2838 gustum
822 2818 831 2835 ,
852 2789 1052 2826 odoratum
1066 2819 1075 2836 ,
1095 2800 1131 2827 et

136 2856 294 2894 tactum,
313 2848 456 2897 sagittis
475 2849 551 2885 suis
571 2862 628 2885 me
643 2850 834 2895 vulnerat3
849 2858 886 2886 et
898 2863 1000 2887 mors
1015 2851 1130 2887 intrat

137 2918 205 2955 per
231 2906 411 2943 fenestras
431 2919 532 2943 meas
552 2908 589 2943 in
609 2908 770 2944 animam
801 2921 935 2945 meam.
966 2910 1129 2959 Respicit

136 2965 268 3001 oculus
282 2993 291 3010 ,
312 2973 349 3001 et
370 2966 506 3003 mentis
531 2979 680 3003 sensum
707 2968 851 3004 avertit.
874 2969 989 3005 Audit
1009 2970 1129 3014 aiu-is,

136 3031 174 3058 et
203 3023 452 3061 intentionem
476 3025 600 3062 cordis
620 3026 789 3063 inflectit.
814 3027 1004 3064 Odoratus
1029 3028 1130 3075 cogi-

139 3082 318 3120 tationem
340 3084 507 3133 impedit.
527 3088 578 3123 Os
597 3086 785 3135 loquitur,
803 3095 841 3122 et
862 3086 964 3122 fallit.
986 3090 1054 3123 Pei·
1076 3095 1131 3122 ta-

138 3150 238 3178 ctum
257 3143 371 3179 ardor
387 3142 551 3181 libidinis
572 3159 643 3195 pro
659 3146 782 3194 aliqua
802 3159 917 3194 parva
935 3146 1132 3182 occasione·

193 3268 300 3298 'inat
320 3280 423 3303 ixii«,
445 3275 474 3299 fv.

1199 2610 1342 2647 facilius
1362 2605 1807 2658 perpetraturiniquitas.
1834 2603 2019 2640 Nimirum
2042 2600 2192 2638 utrobi-

1197 2684 1269 2720 que
1287 2669 1442 2713 bellum,
1463 2666 1666 2716 utrobique
1680 2665 1904 2715 periculum,
1923 2661 2128 2710 utrobique
2146 2661 2193 2697 ti-

1199 2729 1377 2767 mendum
1394 2742 1401 2764 :
1417 2737 1452 2764 et
1466 2729 1561 2764 sicut
1574 2727 1611 2762 in
1630 2725 1754 2762 hostili
1773 2724 1925 2772 regione
1940 2721 2190 2767 versantibus,

1197 2790 1266 2826 liae
1281 2790 1439 2837 illacque
1456 2784 1834 2835 circumspiciendum
1851 2790 1967 2827 est,et
1980 2780 2026 2818 ad
2040 2794 2192 2817 omnem

1196 2850 1394 2898 strepitum
1409 2845 1696 2896 circumagenda
1708 2852 1763 2881 est
1775 2845 1914 2880 cervix.
1925 2845 2020 2880 Caro
2030 2842 2194 2890 suggerit

1197 2909 1284 2945 milii
1301 2908 1428 2944 mollia
1439 2935 1448 2951 ‚
1461 2906 1624 2942 mundus
1640 2917 1748 2949 vana,
1762 2902 1935 2940 diabolus
1946 2915 2084 2938 amara.
2097 2901 2193 2949 Quia

1196 2967 1342 3016 quoties
1377 2965 1535 3001 carnalis
1564 2963 1740 3013 cogitatio
1772 2970 1934 2999 mentem
1973 2961 2191 3010 importune

1199 3026 1319 3075 pulsat
1340 3024 1385 3059 de
1414 3024 1500 3060 cibo
1527 3032 1562 3059 et
1590 3031 1701 3072 potu,
1725 3021 1772 3058 ‹le
1798 3034 1952 3065 somno,
1973 3020 2191 3068 caetciisque

1198 3083 1382 3120 similibus
1408 3083 1454 3119 ad
1484 3083 1606 3119 carnis
1632 3095 1758 3118 curaui
1790 3078 2084 3130 pertiuentibus3
2105 3093 2192 3114 caro

1201 3144 1288 3180 niilii
1312 3143 1490 3191 loquitur.
1509 3146 1600 3179 Cum
1621 3141 1667 3177 de
1690 3140 1894 3177 ambitione
1918 3138 2062 3181 saeculi,
2078 3138 2123 3173 de
2140 3138 2194 3185 ja-
