2418 3949
0 775 15 798 ἔκ
16 722 17 725 Α

0 912 15 1191 W*
0 857 10 887 Α
0 806 16 843 Ἰ.

203 232 296 269 1357
714 233 780 266 ΑΙ)
812 233 850 266 Β.
880 232 1142 275 VlRGlNEM,
1172 232 1336 266 SERMO
1365 232 1719 267 PANEGYRICL'S.
2144 228 2240 264 1358

196 321 307 357 quem
323 306 507 356 requievit
522 307 681 356 Spiritus
698 308 862 344 Domini.
888 311 933 344 Et
948 308 1007 343 cui
1029 316 1063 344 te
1090 307 1172 344 assi·
1193 305 1222 324 ‘³¹²

1228 306 1484 344 “consectatus
1509 308 1642 351 suerit,
1665 320 1740 343 nou
1765 305 1972 343 ambulabit
1993 307 2029 341 in
2058 304 2242 349 tenebris3

198 366 411 403 milabimus
429 394 439 411 ,
459 369 577 403 Mater
593 366 908 415 pulchritudinis?
928 370 1023 403 Vere
1039 366 1186 416 paradi·
1202 367 1232 399 A
1250 366 1314 404 sed
1334 367 1461 403 lumen
1486 367 1570 402 vitae
1591 367 1767 402 inveniet.
1791 369 1846 402 Tu
1867 378 1956 414 ergo
1971 366 2131 414 pulchra
2150 377 2189 400 es
2207 373 2243 399 ut

196 439 259 463 sus
278 426 347 463 Dei
381 434 421 461 tu
451 437 513 470 es,
537 425 625 473 quia
647 425 788 474 lignum
815 426 902 461 vitae
928 425 1069 462 mundo
1097 438 1184 475 pro-

199 485 316 521 tulisti
332 513 342 529 ‚
378 483 425 520 de
460 480 537 532 q'uo
574 483 640 532 qui
671 483 956 520 manducaverit
973 513 981 529 ‚
1017 485 1118 520 vivet
1149 483 1186 520 in

196 552 395 580 aeternum.
411 546 511 580 Fons
526 543 633 588 vitae‚
651 543 715 590 qui
733 555 778 578 ex
797 555 862 579 ore
878 543 1056 579 Altissimi
1071 541 1186 592 prod-

195 602 259 646 iit,
283 601 329 638 de
347 601 471 638 medio
492 601 635 638 ventris
655 602 709 637 tui
728 601 914 647 exsilivit,
935 610 1046 651 atque
1063 602 1102 638 in
1125 610 1159 637 te
1173 608 1187 622 ³

195 662 234 698 in
257 669 422 710 quatuor
441 662 562 711 capita
582 673 662 698 sese
682 661 901 710 dispergens
927 659 944 683 l’
963 661 1009 698 ad
1029 661 1190 710 irrigan-

193 720 278 757 dam
298 721 429 757 faciem
449 720 589 757 arentis
609 720 741 756 mundi
764 721 954 757 emanavit
968 749 977 766 ,
997 721 1189 757 laetificans

193 779 382 816 civitatem
403 779 483 816 Dei.
510 780 642 817 Omnis
661 780 761 816 enim
791 781 858 829 qui
885 780 1024 816 biberit
1054 793 1100 816 ex
1117 793 1184 824 eo,

193 851 269 874 non
291 838 392 874 sitiet
411 838 449 874 in
465 846 670 884 aeternum3
693 846 730 874 et
751 839 821 874 erit
838 839 922 888 plus
945 852 1056 887 quam
1075 851 1185 888 para-

191 897 297 934 disus
313 897 396 944 hic,
424 896 470 933 de
489 895 596 945 cujus
619 910 716 946 aqua
736 897 765 934 si
785 898 869 946 quis
894 897 1055 941 biberit,
1085 897 1186 933 sitiet

192 957 342 993 iterum.
371 959 402 994 Ο
421 964 562 1005 quanta
590 956 734 992 mundo
766 957 983 1001 contulisti,
1006 968 1088 1005 quae
1111 964 1184 992 tam

190 1014 354 1052 salubris
379 1014 623 1063 aquaeductus
656 1027 737 1052 esse
769 1016 957 1052 meruisti!
982 1018 1013 1053 O
1043 1016 1185 1064 lampas

1253 429 1343 462 luna
1364 441 1375 460 .·
1396 427 1472 462 imo
1489 435 1525 463 et
1541 426 1736 476 pulchrior
1753 427 1863 471 luna,
1886 426 1975 474 quia
1991 433 2069 461 tota
2085 424 2244 474 pulchra

1253 498 1305 529 es,
1325 493 1361 520 et
1375 486 1518 521 macula
1530 499 1606 521 non
1621 486 1728 522 estin
1747 493 1782 521 te
1795 491 1821 530 ²,
1838 497 1961 533 neque
1980 482 2244 520 vicissitudinis

1253 543 1507 581 obumbratio.
1529 548 1584 581 Tu
1601 547 1715 580 electa
1733 557 1772 581 es
1801 553 1838 579 ιιι
1857 546 1914 578 sol
1930 558 1943 587 ‚·
1963 544 2023 579 ille
2037 571 2047 588 ‚
2069 543 2221 591 inquam
2235 569 2245 586 ,

1254 604 1316 640 Sol
1331 603 1420 640 solis
1447 603 1632 640 conditor.
1655 604 1722 640 Ille
1743 604 1842 640 enim
1864 603 2004 640 electus
2023 611 2079 639 est
2099 615 2144 638 ex
2165 601 2247 637 mil·

1257 662 1355 699 libus
1372 663 1541 699 virorum
1574 678 1582 699 z
1613 672 1651 699 tu
1680 663 1797 699 electa
1820 675 1866 699 ex
1898 661 2062 698 millibus
2091 660 2246 697 femina-

1256 735 1351 758 rum.
1386 722 1452 758 llle
1481 723 1623 758 electus
1654 735 1699 758 ex
1730 721 1906 758 omnibus
1937 734 2020 770 quae
2048 728 2135 757 sunt
2166 734 2173 754 :
2208 727 2245 754 tu

1255 781 1373 817 electa
1394 794 1438 817 ex
1461 781 1638 818 omnibus
1657 794 1741 830 quae
1771 781 1955 830 perillum
1978 788 2076 816 sunt.
2099 782 2154 815 Tu
2174 787 2247 813 ter-

1252 839 1368 875 sibilis
1383 850 1422 875 ut
1441 849 1642 875 castrorum
1667 844 1764 875 acies
1787 841 1973 874 ordinata.
1998 837 2097 886 Quid
2115 838 2243 873 enim?

1251 904 1309 935 An
1350 912 1425 935 non
1463 899 1694 935 horruerunt
1738 898 1927 948 principes
1968 896 2209 933 tenebrarum
2231 924 2241 939 ,

1251 958 1404 1006 quando
1420 958 1595 995 viderunt
1616 966 1753 1007 praeter
1768 969 1911 993 morem
1933 964 2123 992 armatura
2139 955 2244 991 omni

1253 1018 1409 1054 fortiore
1429 1018 1648 1054 instructam
1674 1025 1804 1053 contra
1835 1029 1873 1052 se
1901 1015 2106 1064 procedere
2137 1013 2246 1050 femi-

191 1074 483 1111 luculentissima
505 1103 516 1121 ,
554 1082 715 1123 quantos
756 1074 949 1111 laetificasti
973 1103 982 1120 ‚
1029 1074 1182 1122 quando
1204 1078 1229 1111 B
1249 1089 1357 1122 nam,
1380 1077 1556 1113 feminam
1576 1077 1710 1112 fortem
1727 1084 1765 1112 et
1783 1075 1830 1112 ad
1851 1074 1948 1111 bella
1966 1074 2218 1110 doctissimam
2233 1102 2243 1117 ,

190 1134 392 1183 splendore
422 1134 492 1171 Dei
521 1134 705 1170 illustrata
729 1133 980 1169 desideratum
1006 1133 1099 1169 illud
1123 1134 1185 1169 lu-

192 1206 277 1229 men
292 1221 302 1238 ,
326 1207 402 1242 quo
419 1194 573 1230 inventa
588 1201 645 1230 est
668 1192 848 1229 drachma
863 1192 1026 1238 decima,
1051 1193 1186 1229 seden—

195 1251 294 1288 tibus
319 1252 358 1288 in
391 1251 557 1289 tenebris
579 1260 618 1288 et
651 1251 786 1288 umbra
813 1252 944 1288 mortis
973 1253 1184 1301 protulisti!

189 1313 240 1347 Te
273 1312 451 1349 nimirum
480 1312 543 1348 ille
568 1311 687 1348 divini
717 1311 946 1360 epithalamii
974 1321 1186 1361 praecentor

191 1385 212 1406 a
233 1371 343 1420 longe
361 1371 519 1408 intuitus
535 1379 608 1417 est,
632 1384 718 1407 cum
747 1371 786 1407 in
812 1371 1069 1407 admirationis
1092 1385 1185 1407 voce

195 1431 245 1467 ita
273 1430 449 1479 prorupit
482 1444 489 1466 :

194 1495 304 1538 quasi
322 1504 459 1526 aurora
476 1503 712 1538 consurgens,
731 1491 890 1538 pulchra
915 1499 955 1525 nt
973 1493 1085 1533 luna,
1108 1493 1184 1525 ele-

525 1432 621 1477 Quoe
646 1439 699 1466 est
736 1435 807 1465 ista
838 1445 924 1478 quoe
956 1433 1190 1479 snvgredimr

191 1560 253 1586 cta
279 1559 318 1586 uc
339 1552 417 1595 sol,
447 1549 622 1585 terribilis
654 1558 695 1584 ut
719 1559 918 1584 castrorum
955 1554 1055 1584 acies
1082 1552 1183 1585 ordi-

189 1618 281 1644 nata
303 1610 338 1645 ¹?
355 1609 459 1645 Sicut
485 1621 623 1644 aurora
651 1608 758 1644 valde
784 1608 942 1645 rutilans
972 1609 1007 1644 in
1033 1608 1184 1644 *mundo

190 1681 389 1718 progressa
401 1680 442 1704 es
453 1695 463 1712 ‚
479 1680 503 1704 ο
520 1668 635 1704 Maria
649 1696 658 1713 ,
677 1668 831 1716 quando
847 1668 926 1704 veri
947 1668 1042 1704 Solis
1058 1668 1186 1718 splen-

189 1727 321 1764 dorem
349 1735 462 1764 tantae
496 1727 701 1763 sanctitatis
715 1726 852 1776 jubare
883 1727 1182 1776 praecucurristi,

189 1795 231 1823 ut
253 1799 338 1823 vere
353 1786 453 1824 diem
475 1787 606 1824 salutis
626 1786 725 1822 diem
754 1786 1034 1835 propitiationis
1050 1813 1060 1830 ,
1084 1785 1182 1822 diem

187 1859 300 1895 quem
322 1847 408 1883 fecit
426 1846 634 1891 Dominus,
657 1860 678 1882 a
699 1854 761 1882 tua
781 1846 948 1882 claritate
966 1846 1104 1882 initiari
1123 1846 1183 1882 di—
1204 1846 1230 1879 C

187 1918 304 1954 gnum
323 1905 445 1942 fuerit.
466 1905 569 1943 Felix
588 1918 725 1942 aurora
747 1904 864 1941 felicis
881 1904 954 1940 diei
969 1905 1099 1941 nuntia
1112 1917 1177 1940 ex—

189 1965 314 2001 stitisti
333 1980 340 2001 :
363 1965 445 2002 talis
461 1964 540 2001 dies
559 1964 669 2000 talem
691 1977 864 2000 auroram
887 1964 961 2000 diei
982 1964 1119 2000 decuit.
1140 1967 1183 2000 Et

192 2032 293 2061 recte
331 2023 482 2073 quidem
509 2037 656 2060 aurorae
686 2024 850 2073 implesti
884 2024 1062 2059 officium.
1101 2026 1185 2072 Ipse

189 2084 288 2120 enim
303 2085 366 2121 Sol
379 2082 534 2133 justitiae
549 2083 595 2120 de
610 2091 644 2119 te
664 2095 911 2133 processurus
930 2091 1055 2118 ortum
1076 2094 1184 2118 suum

191 2143 352 2193 quadam
384 2143 569 2179 matutina
585 2143 829 2180 irradiatione
856 2143 1117 2192 praeveniens,
1147 2142 1182 2177 ιιι

193 2212 227 2240 te
256 2203 347 2241 lucis
367 2216 444 2240 suae
471 2202 595 2239 radios
620 2202 774 2252 copiose
799 2201 1019 2246 transfudit,
1047 2200 1185 2250 quibus

192 2272 396 2313 potestates
413 2262 674 2308 tenebrarum,
695 2275 787 2311 quas
810 2265 886 2298 Eva
905 2261 1138 2311 produxerat
1155 2267 1182 2302 s,

191 2324 229 2359 in
260 2323 382 2372 fugam
403 2322 624 2359 convertisti
661 2336 668 2356 ι
700 2330 812 2370 atque
843 2321 894 2356 ita
931 2320 1184 2356 desideratum

190 2381 336 2418 cunctis
352 2379 529 2430 gentibus
545 2380 668 2417 Solem
694 2379 838 2415 mundo
855 2378 1044 2414 invexisti.

244 2442 278 2478 5.
297 2443 353 2477 Tu
363 2441 522 2488 pulchra
541 2448 579 2474 ut
597 2442 688 2474 lana
714 2437 850 2474 diceris
865 2466 874 2483 ‚
894 2437 1004 2485 eique
1024 2448 1098 2472 non
1119 2436 1188 2471 im-

192 2500 327 2536 merito
347 2499 588 2549 compararis.
607 2499 675 2535 Illa
690 2498 788 2534 enim
811 2497 980 2533 omnium
1001 2504 1186 2532 astrorum

191 2561 271 2597 sola
289 2559 359 2596 soli
375 2558 581 2604 simillima,
598 2567 635 2594 et
651 2557 814 2594 candore
835 2564 994 2593 venusta
1009 2563 1188 2603 argenteo

191 2620 334 2656 caeteris
355 2620 392 2655 in
413 2619 510 2655 coelo
530 2618 720 2668 praemieat
751 2616 937 2653 sideribus
964 2630 971 2651 :

193 2681 292 2717 Solis
315 2681 438 2728 imago
470 2677 771 2727 expressissima,
806 2677 904 2712 inter
931 2675 1046 2711 millia
1067 2682 1187 2709 astro-

193 2753 276 2776 rum
296 2742 376 2775 Deo
393 2737 645 2774 assistentium
667 2735 840 2784 virginali
860 2734 1021 2783 puritate
1039 2733 1075 2768 iu
1094 2732 1190 2768 coelo

193 2798 356 2847 gloriosa
383 2797 594 2846 praefulges,
632 2796 698 2832 llla
737 2795 836 2831 enim
878 2794 1063 2829 transfuso
1095 2793 1131 2828 in
1154 2805 1191 2828 se

194 2858 308 2895 solari
338 2857 480 2894 lumine
510 2864 658 2892 noctem
692 2863 858 2891 nostram
883 2853 1068 2901 illumina-t
1107 2865 1114 2886 t
1151 2859 1188 2886 tu

195 2918 378 2954 virtutum
400 2916 465 2953 tibi
486 2930 506 2953 a
527 2920 608 2953 Deo
625 2914 826 2952 inditarum
847 2911 1051 2961 magnificis
1066 2923 1188 2947 exem-

197 2976 268 3026 plis
287 2976 333 3012 ad
350 2975 597 3011 imitationem
629 2974 681 3010 tui
717 2986 787 3009 nos
823 2984 1031 3022 provocas,
1061 2970 1187 3018 sicque

198 3044 347 3072 noctem
369 3043 535 3072 nostram
564 3034 764 3070 illuminas.
791 3033 863 3079 Qui
890 3031 991 3067 enim
1013 3031 1090 3066 vias
1109 3038 1189 3065 tuas

251 3181 258 3194 ¹
279 3175 398 3206 cantic.
419 3186 450 3204 vt
466 3199 473 3211 ,
498 3178 531 3205 9.
553 3191 592 3196 -
618 3173 692 3206 ²1d.
714 3184 763 3208 ιν,
783 3175 813 3203 7.
831 3191 871 3194 ›-—
894 3170 968 3201 ³141.
991 3181 1047 3202 ιιι,
1070 3172 1108 3201 8,
1129 3170 1159 3197 7.

247 3240 259 3255 ·”
280 3233 454 3274 [egendum
471 3231 592 3263 xidt‘ltn·
607 3238 700 3275 alque
716 3230 799 3262 illdt'.
816 3248 858 3254 ’-
875 3224 888 3245 ‘¹
906 3233 1044 3260 Fortasw
1058 3251 1065 3263 ,
1082 3226 1278 3270 ιΙι.ςΙιιί-Ιίι·η,ι.
1363 3232 1367 3243 “
1393 3226 1476 3255 Alta-
1492 3248 1498 3257 ,
1515 3222 1692 3252 ιιιιίιιιυιιιί.

248 3293 260 3306 ¹·
284 3286 332 3316 sic
349 3286 379 3316 ιιι
401 3284 620 3326 manuscriptis
647 3294 653 3314 :

203 3337 402 3369 altitudinem
420 3336 584 3368 ascendere
601 3337 744 3367 meruisti.

1252 1135 1360 1184 cujus
1376 1135 1474 1171 ensis
1494 1148 1606 1184 super
1630 1135 1751 1170 femur
1776 1146 1884 1170 suurn
1908 1141 2064 1182 propter
2091 1133 2244 1168 timores

1255 1195 1484 1230 nocturnos?
1505 1197 1548 1230 In
1566 1194 1724 1229 circuitu
1749 1193 1830 1241 ejus
1846 1193 1940 1228 acies
1963 1192 2105 1228 validas
2135 1191 2248 1240 spiri-

1253 1253 1409 1289 tualium
1428 1252 1611 1288 virtutum
1630 1265 1698 1288 suo
1719 1264 1758 1288 se
1779 1251 1941 1287 invicem
1978 1249 2112 1286 ordine
2140 1258 2248 1285 tuen-

1259 1313 1373 1357 tium;
1414 1311 1597 1360 siquidem
1627 1310 1867 1347 ordinatione
1898 1316 2116 1359 perseverat
2141 1307 2249 1344 dies:

1252 1372 1316 1408 sed
1337 1380 1374 1407 et
1393 1370 1725 1407 innumerabilium
1744 1369 1940 1406 beatorum
1959 1368 2160 1417 spirituum
2180 1368 2247 1403 mi-

1252 1432 1368 1467 litiam
1389 1431 1435 1467 ad
1458 1430 1703 1467 ministerium
1724 1430 1814 1466 tanti
1832 1428 2017 1477 Principis
2038 1427 2245 1477 delegatam

1255 1491 1366 1528 fuisse
1387 1491 1601 1527 nullatenus
1622 1489 1865 1538 ambigimus;
1887 1496 2019 1536 utpote
2039 1487 2103 1536 qui
2123 1494 2247 1523 custo-

1253 1550 1377 1586 dirent
1408 1550 1585 1585 lectulum
1617 1547 1828 1586 Salomonis
1855 1546 2106 1596 gratissimum
2131 1543 2166 1591 3,
2199 1558 2240 1581 ac

1251 1608 1520 1657 providerent,
1546 1622 1592 1644 ne
1615 1616 1867 1658 praeparatum
1892 1614 2033 1642 aeterno
2054 1606 2146 1654 Regi
2173 1606 2246 1640 ho-

1250 1668 1402 1717 spitium
1421 1669 1565 1705 alienus
1588 1668 1725 1717 hospes
1751 1667 1961 1703 invaderet.
1984 1665 2168 1702 Nimirum
2201 1665 2245 1700 ti-

1253 1740 1336 1762 mor
1351 1735 1389 1763 et
1410 1734 1551 1762 tremor
1566 1734 1754 1761 venerunt
1771 1737 1885 1774 super
1906 1736 1971 1759 eos
1985 1751 1994 1768 ‚
2015 1723 2064 1758 ita
2085 1731 2127 1758 ut
2141 1721 2244 1757 dice-

1252 1795 1335 1822 rent
1353 1801 1361 1822 :
1384 1790 1478 1822 Ecce
1496 1786 1580 1835 plus
1596 1798 1708 1834 quam
1724 1788 1798 1821 Eva
1816 1784 1905 1820 haec.
1928 1786 2055 1820 Castra
2072 1781 2140 1818 Dei
2158 1789 2245 1817 sunt

1252 1846 1347 1890 haee,
1385 1845 1569 1894 fugiamus
1601 1844 1791 1880 Israelem.
1826 1846 1881 1879 Tu
1915 1855 2003 1890 ergo
2023 1869 2033 1886 ‚
2071 1839 2245 1876 bellatrix

1250 1905 1414 1954 egregia,
1434 1906 1558 1954 primo
1572 1917 1656 1939 eum
1679 1904 1742 1952 qui
1764 1904 1908 1952 primus
1926 1901 2053 1937 omnia
2070 1900 2248 1950 supplan·

1252 1965 1364 2009 tavit,
1393 1976 1611 2013 expugnare
1647 1963 1805 1998 viriliter
1836 1973 2006 2010 aggressa
2038 1973 2088 1995 es.
2119 1962 2173 1995 Tu
2210 1967 2245 1994 et

1252 2024 1424 2074 spiritum
1446 2023 1618 2059 elationis
1637 2025 1721 2058 Evae
1742 2022 1881 2057 vertice
1902 2018 2124 2056 humilitatis
2142 2031 2246 2054 com-

1254 2084 1399 2132 plosisti
1426 2098 1434 2119 :
1459 2095 1572 2132 quam
1593 2082 1631 2118 in
1665 2089 1699 2117 te
1721 2081 1771 2117 ita
1793 2079 1957 2130 respexit
1979 2079 2184 2121 Dominus,
2208 2086 2248 2114 ut

1254 2143 1371 2192 ipsius
1395 2143 1529 2179 merito
1563 2154 1677 2190 super
1704 2153 1836 2176 omnes
1863 2139 1998 2176 choros
2017 2138 2246 2186 Angelorum

1254 2212 1287 2238 te
1314 2202 1510 2238 sublimari
1546 2200 1695 2249 dignam
1729 2198 2014 2235 aestimavei·it·'.
2045 2200 2245 2245 Nunquam

1251 2262 1350 2297 enim
1369 2274 1482 2310 super
1501 2272 1633 2296 omncs
1657 2259 1818 2306 Angelos
1839 2257 2044 2306 glorificata
2059 2254 2248 2291 ascendis-

1253 2333 1329 2361 ses,
1356 2320 1425 2355 nisi
1443 2319 1547 2368 prius
1572 2318 1637 2353 insi
1649 2331 1667 2353 a
1699 2329 1831 2353 omnes
1860 2315 2030 2351 homines
2054 2313 2247 2350 humiliata

1253 2378 1520 2415 descendisses.
1542 2381 1596 2413 Tu
1628 2385 1666 2412 et
1703 2375 1876 2412 ardorem
1912 2373 2034 2409 vetitae
2067 2372 2248 2420 concupi-

1254 2439 1402 2475 scentia:
1428 2438 1567 2473 virtute
1595 2436 1774 2472 castitatis
1794 2435 1831 2470 in
1861 2443 1922 2469 tua
1944 2445 2054 2468 carne
2079 2431 2246 2479 virginea

1254 2506 1409 2534 eatenus
1437 2495 1667 2540 exstinxisti,
1701 2503 1741 2531 ut
1773 2494 1801 2529 is
1829 2494 1865 2529 in
1904 2491 2010 2540 cujus
2045 2498 2248 2539 conspectu

1255 2570 1323 2592 uec
1341 2564 1439 2592 astra
1457 2554 1596 2591 munda
1619 2562 1732 2597 sunt,
1756 2560 1864 2588 tantae
1887 2549 2078 2586 munditiae
2099 2561 2248 2584 carnem

1003 2623 1041 2650 tu
1065 2627 1154 2650 vcro
1171 2613 1186 2636 ‘¹
1207 2620 1236 2653 l)
1256 2625 1356 2651 tuam
1374 2614 1619 2662 judicaverit,
1646 2621 1685 2648 ut
1711 2612 1821 2647 etiam
1839 2622 1914 2645 suae
1934 2609 2071 2644 diviuae
2097 2606 2248 2656 puritati

1255 2672 1476 2722 agglutinari
1504 2684 1579 2707 nou
1612 2669 1837 2719 despexerit.
1871 2668 1934 2703 itis
1954 2680 2043 2714 ergo
2066 2665 2250 2714 primariis

1256 2731 1415 2767 ducibus
1441 2729 1681 2765 tenebrarum
1713 2743 1732 2764 a
1770 2736 1803 2763 te
1834 2727 1979 2762 sortiter
2003 2724 2249 2773 expugnatis,

1259 2790 1381 2826 (mutis
1404 2797 1488 2824 autc
1508 2789 1636 2823 facicm
1661 2796 1760 2822 tuam
1784 2784 2033 2834 spiritualium
2066 2781 2250 2829 nequitia-

1261 2864 1341 2886 rum
1365 2849 1494 2884 militia
1517 2849 1551 2883 iu
1577 2849 1698 2895 sugam
1721 2858 1901 2882 com'ersa
1920 2852 1985 2879 ost.

1309 2913 1343 2946 (j.
1366 2909 1538 2945 Gloriosa
1569 2908 1666 2942 dicta
1697 2914 1782 2942 sunt
1809 2905 1854 2940 dc
1885 2913 1942 2946 tc,
1977 2902 2042 2939 Dei
2063 2900 2246 2938 Genitrix.

1256 2968 1326 3005 Sed
1349 2967 1470 3003 adluu-
1497 2967 1601 3002 locus
1629 2974 1683 3001 cst
1717 2974 1788 3000 tua:
1811 2962 2018 2999 laudationi
2038 2975 2044 2996 :
2066 2959 2187 2996 adhuc
2210 2959 2246 2994 ιιι

1258 3027 1327 3062 tuis
1348 3024 1522 3061 laudibus
1548 3025 1671 3060 munis·
1693 3025 1815 3072 lingua
1847 3021 2018 3058 balbutit.
2048 3023 2129 3056 Non
2150 3018 2248 3053 cuim

1771 3223 1784 3240 ²¹
1807 3223 1889 3252 Alias
1903 3245 1908 3252 ,
1932 3219 2001 3249 asli.

684 3285 725 3313 Tu
751 3283 828 3313 enim
854 3282 993 3325 spiritum
1018 3279 1238 3308 ‹l‹···1·ti1mis‹=‹1
1263 3285 1359 3306 ιϊ1ιι’.
1394 3275 1573 3305 'mundantis
1592 3273 1810 3318 ‹0117·7·1·.=.=1sli.
1831 3284 1889 3315 ιμιιι
1917 3283 2034 3300 υιιιιιυιι
2075 3266 2247 3310 lug-lotan.-
