2418 3949
177 228 276 265 1009

172 305 324 342 ducitur
348 304 394 342 ad
420 318 567 342 crucem
582 333 592 350 ,
620 304 790 355 bajulans
810 305 889 355 ipse
910 304 982 342 sibi
1005 304 1154 355 suppli-

171 364 283 401 cium.

226 424 284 461 10.
307 423 379 462 Sed
395 423 486 473 quid
505 432 584 470 est,
604 422 708 472 quod
727 431 813 473 post
829 422 1041 459 illusionem
1060 420 1163 457 chla-

170 482 282 532 myde
320 484 491 530 exuitur,
523 492 561 520 et
599 483 676 520 suis
710 481 943 519 vestimentis
990 479 1161 516 reindui-

171 549 252 587 tur;
281 543 355 580 nisi
382 542 485 592 quod
508 555 608 591 saepe
631 541 818 591 superbus
844 541 963 578 Adam
985 552 1070 576 cum
1090 551 1160 588 per

169 600 341 638 dolorem
362 602 484 639 carnis
504 602 666 638 confinia
687 601 819 637 mortis
838 599 1072 650 ingreditur,
1097 597 1160 634 de—

167 660 289 708 posita
317 660 481 697 elatione
509 661 554 697 ad
582 659 795 710 putredinis
825 672 902 696 suae
936 657 1155 695 considera—

167 719 307 756 tionem
327 721 549 766 revertitur,
569 719 635 756 ubi
651 719 826 756 videlicet
841 719 900 756 vel
917 718 1156 755 miseratione

165 778 291 815 divina
311 779 543 828 poenitentiae
564 778 707 814 fructus
728 778 897 823 invenit,
917 778 978 814 vel
997 789 1067 827 per
1085 785 1157 812 tre-

165 837 343 874 mendum
369 837 553 886 judicium
583 837 725 886 duplici
744 837 970 873 contritione
989 835 1157 872 conteri-

165 898 252 932 tur?
271 896 330 932 Sic
348 895 517 933 Herodes
530 924 540 941 ‚
569 909 653 932 cum
674 904 777 932 veste
797 896 897 945 regia
914 893 1158 945 praesulgidus

163 955 250 1004 plus
274 968 386 1004 quam
411 955 535 992 decuit
555 969 576 992 a
594 956 738 1005 populo
760 956 1042 1000 acclamaretur,
1067 967 1159 990 mox

161 1026 365 1062 percussus
387 1014 434 1051 ab
458 1015 611 1065 angelo,
628 1023 765 1052 exutus
784 1014 996 1064 chlamyde,
1015 1022 1156 1051 vestem

816 230 877 264 ET
905 227 1353 266 RESURRECTIONEM
1380 230 1570 265 DOMINI.

1165 302 1214 322 ⁵⁰⁵
1226 315 1291 339 cus
1316 304 1386 340 Dei
1409 305 1612 342 collocatus
1632 313 1705 352 est,
1727 314 1768 342 ut
1797 306 1957 356 amplius
1983 306 2071 344 inde
2087 307 2219 345 cadere

1177 364 1210 397 A
1225 374 1301 398 non
1323 363 1455 412 possit.
1476 365 1506 400 O
1525 363 1781 401 beatissimum
1805 365 1989 402 latronem
2005 395 2014 412 ,
2040 366 2118 403 imo
2141 380 2218 404 non

2122 231 2221 269 1010

1226 421 1432 468 latronem,
1463 423 1527 459 sed
1549 432 1753 473 martyrem
1779 433 1816 461 et
1840 426 2114 463 consessorem!
2144 431 2218 465 Ne—

1226 481 1432 517 cessitatem
1448 483 1548 519 enim
1566 484 1680 521 vertit
1694 484 1733 520 in
1750 485 1996 532 voluntatem,
2013 495 2050 522 et
2065 500 2217 536 poenam

1225 541 1473 577 commutavit
1494 542 1531 577 in
1560 543 1741 592 gloriam,
1770 552 1807 580 et
1837 558 1985 581 erucem
2014 546 2052 582 in
2083 547 2216 584 trium-

1222 597 1355 646 phum.
1378 602 1420 635 In
1443 608 1499 645 te,
1530 599 1741 637 beatissime
1769 603 1960 640 confessor
1984 613 2021 640 et
2048 614 2213 655 martyr,

1223 655 1270 692 de
1295 657 1409 694 totius
1430 659 1561 695 mundi
1587 660 1801 705 sterilitate,
1826 661 1912 698 fidei
1940 663 2115 712 reliquias
2134 666 2217 701 col-

1220 714 1308 764 legit
1327 716 1505 753 Christus.
1525 721 1579 754 Tu
1596 719 1825 768 fugientibus
1845 720 2036 770 discipulis
2051 732 2086 760 et
2103 727 2214 761 Petro

1221 784 1403 824 negante,
1437 778 1560 815 socius
1591 787 1628 814 et
1657 792 1782 816 comes
1811 782 1994 830 passionis
2022 782 2103 831 ejus
2134 786 2214 822 fieri

1222 834 1370 883 gavisus
1392 847 1442 870 es.
1465 839 1520 872 Tu
1540 839 1672 873 Petrus
1692 838 1730 873 in
1751 852 1861 874 cruce
1879 840 2001 886 fuisti,
2025 850 2062 878 et
2082 846 2214 880 Petrus

1223 892 1261 929 in
1283 892 1396 929 domo
1414 895 1563 944 Caiphae
1583 896 1703 943 latr03
1723 898 1863 934 tamdiu
1887 900 1987 935 enim
2009 904 2140 939 Petrus
2161 903 2214 939 la—

1225 960 1284 988 tro
1301 953 1389 999 fuit,
1413 953 1590 1003 quamdiu
1612 956 1712 992 intus
1740 957 1890 994 latitans
1909 959 2098 996 Christum
2126 962 2216 999 foris

1224 1013 1376 1062 negavit
1398 1027 1405 1048 :
1429 1013 1514 1050 ideo
1541 1022 1577 1050 et
1593 1018 1744 1051 Petrum
1766 1018 1987 1065 praecessisti
2006 1019 2044 1054 in
2065 1021 2216 1069 paradi-

162 1085 266 1110 suam
295 1074 479 1120 reinduit,
503 1082 540 1110 et
565 1083 813 1124 consumptus
836 1087 857 1110 a
880 1073 1072 1110 vermibus
1085 1087 1154 1110 ex—
1174 1078 1202 1112 B
1223 1083 1326 1117 sum,
1353 1072 1441 1121 quia
1466 1073 1531 1121 qui
1553 1081 1587 1109 te
1610 1073 1647 1109 in
1675 1087 1786 1111 cruce
1814 1076 2033 1125 complexus
2054 1087 2110 1114 est
2136 1079 2215 1116 dux

161 1133 328 1182 spiravit.
357 1137 520 1171 Rectene
539 1134 670 1171 illusus
692 1136 771 1171 est?
791 1138 880 1179 Ave,
899 1137 982 1171 Rex
1001 1135 1154 1170 Jadoeo-

159 1205 252 1228 rum.
276 1193 374 1241 Quid
394 1193 588 1244 superbis,
610 1202 707 1230 terra
728 1202 765 1230 et
784 1194 901 1230 cinis?
932 1193 1023 1243 quid
1051 1202 1155 1230 veste

158 1250 276 1287 nitida
301 1252 495 1300 gloriaris?
527 1251 664 1290 Subter
690 1260 725 1289 te
751 1260 941 1289 sternetur
975 1252 1097 1298 tinea,
1118 1260 1155 1288 et

158 1311 438 1359 operimentum
472 1320 577 1348 tuum
605 1325 752 1349 vermes
774 1319 800 1347 ¹.
823 1316 912 1350 Haec
943 1320 1005 1348 tua
1039 1311 1154 1348 vestis

156 1378 222 1406 est.
255 1370 459 1408 Illuserunt
489 1370 557 1407 tibi
585 1372 650 1421 qui
682 1380 717 1408 te
746 1371 946 1420 chlamyde
975 1371 1148 1407 coccinea

155 1429 495 1467 circumdederunt.
537 1431 595 1467 Sic
628 1431 856 1476 Antiochus,
895 1438 933 1466 et
971 1429 1149 1467 dominici

154 1489 286 1525 natalis
311 1489 427 1526 hostis
457 1489 652 1536 Herodes,
683 1490 814 1526 alienis
839 1488 1008 1526 vestibus
1028 1488 1148 1540 depo-

154 1547 253 1594 sitis,
277 1549 314 1585 in
337 1549 413 1586 suis
437 1548 624 1595 vestibus,
648 1549 686 1585 id
706 1557 762 1586 est
782 1548 996 1595 vermibus,
1013 1549 1145 1598 exspi—

153 1615 296 1644 rarunt.

506 1718 681 1757 CAPUT
711 1719 772 1759 VI
777 1748 786 1758 .

219 1838 268 1868 De
283 1836 424 1868 Latronis
443 1836 635 1869 confessione
646 1862 654 1876 ,
670 1844 699 1869 et
718 1837 817 1880 elogio
833 1844 946 1870 sanctae
962 1838 1074 1870 crucis.

204 1964 263 2000 ll.
292 1964 388 2001 Redi
417 1964 464 2001 ad
498 1978 565 2002 cor
594 1974 700 2002 tuum
732 1965 881 2002 tandem
911 1966 1142 2016 aliquando,

151 2022 253 2068 redi,
277 2032 383 2060 vetus
402 2023 521 2061 Adam
535 2054 543 2070 ,
562 2025 648 2062 vide
669 2024 734 2062 ubi
754 2034 790 2061 et
810 2026 1004 2074 quomodo
1025 2035 1060 2062 te
1079 2039 1142 2062 re—

149 2082 303 2130 quisivit
323 2092 361 2120 et
386 2084 532 2121 invenit
558 2098 680 2122 novus
708 2085 840 2122 Adam.
869 2085 1042 2123 Ostendit
1073 2085 1140 2122 tibi

147 2141 186 2177 in
206 2154 366 2192 corpore
385 2156 453 2181 suo
470 2145 695 2194 ignominias
717 2145 850 2181 animae
872 2153 955 2181 tuae.
977 2149 1058 2182 Non
1081 2159 1139 2182 sa—

147 2199 194 2237 tis
220 2200 309 2246 fuit,
338 2203 441 2251 quod
462 2217 531 2253 per
559 2204 759 2254 colaphos,
782 2204 946 2254 flagella,
975 2213 1011 2241 et
1040 2218 1138 2241 nova

144 2258 361 2297 irrisionum
385 2274 522 2310 genera
543 2272 627 2312 post
648 2272 683 2299 te
712 2264 915 2312 fugientem
944 2263 1139 2300 clamitans

144 2325 182 2354 et
208 2319 387 2356 miserans
416 2322 672 2370 percucurrit,
694 2330 732 2357 et
757 2335 876 2370 usque
901 2321 947 2358 ad
976 2322 1140 2358 novissi-

143 2389 247 2413 mum
265 2379 385 2416 crucis
400 2381 642 2430 supplicium,
661 2380 815 2429 jamjam
837 2380 1026 2417 efflantem
1044 2394 1138 2417 con-

143 2443 291 2472 secutus
311 2436 457 2473 invenit
475 2446 512 2473 et
532 2438 794 2488 apprehendit.
815 2438 906 2486 Quis
922 2439 1023 2475 enim
1040 2439 1136 2476 latro

140 2493 204 2531 ille
225 2494 293 2530 nisi
314 2494 433 2532 Adam
461 2496 546 2543 suit,
568 2497 632 2546 qui
656 2510 703 2533 ex
725 2510 801 2546 quo
824 2497 989 2547 primum
1011 2498 1048 2534 in
1069 2511 1136 2547 pa-

142 2553 267 2590 radiso
283 2555 340 2590 sui
358 2554 475 2604 ipsius
496 2556 736 2595 homicidium
758 2557 1015 2607 perpetravit,
1039 2566 1136 2593 tam-

1221 1139 1259 1168 et
1283 1139 1409 1167 rector
1435 1140 1539 1176 tuus,
1571 1132 1701 1169 eadem
1729 1133 1790 1169 die
1819 1146 1893 1183 qua
1921 1135 2002 1183 ipse
2024 1136 2214 1186 ingressus

1221 1197 1292 1236 est,
1314 1189 1463 1226 fidelem
1482 1198 1519 1227 et
1537 1191 1743 1240 gloriosum
1765 1192 1921 1229 militem
1942 1207 2067 1232 secum
2090 1205 2125 1233 te
2145 1210 2215 1246 pa—

1220 1250 1312 1286 riter
1329 1250 1556 1286 introduxit.

1276 1309 1335 1346 12.
1359 1312 1507 1359 Egenus
1527 1318 1564 1346 et
1581 1323 1727 1361 pauper
1747 1325 1817 1362 ego
1838 1325 1942 1357 sum,
1967 1314 2131 1352 Domine
2146 1344 2156 1364 ,
2178 1325 2216 1353 et

1219 1369 1374 1406 claudus
1394 1382 1441 1406 ex
1457 1378 1565 1406 utero
1583 1371 1713 1407 matris
1733 1384 1824 1408 meae
1848 1386 1855 1407 ε
1879 1381 1915 1408 et
1936 1386 2022 1410 ecce
2038 1374 2151 1411 sedeo
2167 1376 2214 1412 ad

1213 1436 1363 1477 portam
1389 1429 1517 1478 templi
1545 1429 1598 1465 tui
1629 1443 1713 1479 quae
1745 1430 1884 1468 dicitur
1910 1433 2104 1482 Speciosa,
2133 1448 2211 1472 non

1212 1487 1361 1533 valens,
1388 1500 1457 1523 uec
1480 1488 1613 1524 volens
1639 1488 1819 1536 introire3
1849 1491 1939 1539 quin
1967 1493 2094 1541 potius
2121 1507 2209 1544 ege—-

1213 1555 1307 1583 state
1334 1546 1523 1583 bonorum
1546 1556 1698 1585 tuorum
1719 1550 1939 1588 mendicans
1962 1551 2052 1589 foris
2073 1554 2210 1591 alimo—

1213 1606 1314 1643 niam
1331 1607 1454 1643 carnis
1468 1620 1575 1654 meae,
1591 1621 1706 1645 aereas
1720 1617 1757 1645 et
1773 1610 1881 1647 falsas
1898 1611 2078 1661 imagines
2091 1613 2210 1652 homi-

1213 1679 1304 1703 num
1317 1695 1326 1712 ‚
1345 1667 1411 1704 ubi
1429 1681 1649 1705 coacervem
1667 1669 1757 1706 mihi
1776 1671 1957 1707 talentum
1974 1672 2181 1721 iniquitatis
2195 1703 2206 1721 ,

1213 1726 1410 1764 fasciculos
1435 1728 1704 1777 deprimentes.
1730 1733 1776 1766 Et
1802 1743 1889 1768 ecce
1911 1731 2005 1768 hora
2026 1734 2207 1772 orationis

1213 1798 1314 1823 nona
1331 1795 1398 1824 est.
1419 1788 1638 1825 Ascendunt
1653 1793 1786 1826 Petrus
1808 1799 1844 1826 et
1861 1794 2026 1829 Joannes
2045 1795 2206 1842 apostoli

1167 1851 1195 1887 C
1216 1846 1291 1892 tui,
1318 1854 1360 1882 ut
1383 1856 1492 1883 orent
1512 1847 1558 1884 ad
1582 1849 1764 1898 templum
1785 1858 1952 1887 sanctum
1975 1859 2080 1888 tuum
2105 1867 2112 1888 ε
2135 1866 2205 1903 ego

1211 1915 1335 1943 autem
1371 1907 1497 1944 haereo
1538 1916 1645 1945 terrae
1682 1917 1719 1945 et
1747 1910 1826 1946 luto
1840 1939 1849 1956 ,
1874 1919 2020 1948 terrena
2052 1920 2088 1948 et
2112 1926 2206 1950 vana

1210 1967 1359 2016 sapiens
1376 1982 1385 2012 ;
1409 1975 1446 2003 et
1466 1967 1547 2004 aliis
1566 1968 1846 2005 introeuntibus
1859 1998 1868 2015 ,
1888 1983 1957 2018 ego
1975 1971 2064 2007 soris
2079 1984 2205 2009 rema-

1208 2039 1295 2069 neo,
1310 2039 1386 2063 non
1398 2040 1569 2076 quaerens
1583 2041 1668 2064 cum
1684 2029 1736 2065 eis
1752 2041 1795 2065 ea
1809 2042 1893 2078 quae
1907 2031 2024 2067 Patris
2040 2031 2091 2067 tui
2104 2041 2203 2078 sunt,

1208 2084 1271 2121 sed
1292 2098 1376 2133 quae
1393 2085 1506 2134 primi
1525 2094 1700 2135 parentes
1723 2088 1817 2132 mei,
1836 2088 1901 2136 qui
1922 2101 1980 2125 me
2003 2089 2091 2126 hinc
2110 2104 2204 2139 quo-

1207 2143 1296 2180 tidie
1317 2144 1415 2181 soras
1433 2144 1603 2193 ponunt',
1628 2146 1722 2182 male
1743 2147 2029 2196 concupierunt.
2055 2152 2100 2185 Et
2115 2162 2201 2187 ecce

1202 2200 1279 2251 jam
1303 2203 1396 2239 hora
1417 2204 1599 2240 orationis
1621 2218 1720 2241 nona
1742 2214 1809 2241 est.
1831 2207 2014 2243 Inclinata
2036 2216 2091 2244 est
2108 2208 2200 2255 dies,

1204 2274 1326 2311 prope
1345 2271 1402 2298 est
1419 2276 1495 2299 nox
1517 2278 1524 2299 :
1549 2277 1633 2300 cum
1657 2277 1861 2301 surrexero
1885 2279 1993 2302 mane
2018 2267 2200 2313 diluculo,

1205 2320 1251 2357 de
1266 2321 1322 2358 his
1339 2334 1422 2370 quae
1437 2335 1537 2358 nunc
1553 2323 1746 2369 mendico,
1763 2324 1853 2360 nihil
1871 2325 1907 2360 in
1923 2325 2097 2362 manibus
2111 2327 2203 2363 meis

1205 2380 1404 2429 reperiam.
1436 2384 1561 2427 Hora,
1587 2382 1767 2432 inquam,
1795 2384 1978 2421 orationis
2007 2399 2105 2422 nona
2132 2395 2200 2423 cst.

1203 2439 1326 2477 Orasti
1341 2439 1441 2476 enim
1460 2440 1528 2477 hac
1543 2441 1637 2478 hora
1652 2442 1821 2492 pendens
1834 2444 1870 2480 in
1885 2458 2007 2491 cruce,
2020 2447 2133 2483 orasti
2149 2447 2203 2483 in-

1203 2498 1341 2534 clinato
1357 2499 1478 2549 capite
1493 2500 1658 2537 clamans
1674 2515 1764 2539 voce
1779 2516 1926 2552 magna,
1946 2506 2200 2555 etexspirasti.

1203 2558 1323 2595 Orasti
1339 2558 1517 2596 inclinato
1539 2561 1661 2610 capite
1677 2562 1713 2597 in
1733 2563 1864 2611 spiritu
1879 2563 2112 2609 humilitatis,
2132 2566 2204 2601 cla-

142 2611 207 2648 diu
227 2625 248 2648 a
267 2613 414 2650 Christo
434 2616 527 2665 fugit
546 2629 631 2653 reus
657 2625 693 2652 et
713 2615 915 2653 abscondit
933 2629 992 2662 se,
1014 2616 1137 2653 donec
1155 2620 1188 2654 D
1206 2629 1313 2653 mans
1330 2630 1422 2653 voce
1437 2631 1572 2667 magna
1586 2620 1766 2657 altissimo
1793 2630 1830 2658 et
1845 2623 2093 2659 sccrctissimo
2117 2625 2203 2661 assc-

142 2670 182 2707 in
223 2673 344 2708 crucis
381 2674 540 2711 articulo
576 2675 779 2712 novissime
815 2683 1062 2725 consumptus
1101 2684 1138 2713 et

142 2731 460 2780 comprehensus,
488 2734 616 2784 fugere
636 2743 673 2771 ct
701 2735 816 2771 latere
842 2735 938 2772 ultra
962 2748 1037 2771 non
1064 2748 1137 2784 po-

143 2790 240 2826 tuit?
269 2790 325 2827 lbi
351 2794 646 2842 comprehensus
665 2806 686 2830 a
707 2802 761 2839 te,
789 2792 890 2829 bone
909 2797 1016 2839 Jesu‚
1039 2807 1135 2831 con—

141 2862 273 2887 versus
289 2859 367 2897 est,
391 2853 539 2902 culpam
558 2866 661 2890 suam
685 2853 877 2889 consessus
894 2861 961 2898 est,
984 2865 1137 2902 poenam

141 2908 304 2946 libenter
327 2911 523 2961 amplexus
542 2921 610 2949 est.
635 2915 690 2949 Tu
712 2912 811 2949 enim
839 2911 1071 2948 admonebas
1090 2924 1137 2948 ne

141 2969 218 3019 pati
234 2968 478 3017 abhorreret,
501 2971 604 3020 quod
624 2979 658 3007 te
673 2984 826 3021 quoque
843 2984 967 3007 secum
987 2971 1063 3020 pati
1082 2972 1137 3007 vi-

142 3027 259 3064 deret.
282 3029 348 3065 Ille
369 3043 459 3079 ergo
480 3030 545 3067 tibi
568 3031 614 3067 dc
633 3039 713 3067 toto
730 3031 800 3067 hoc
818 3030 962 3069 mundo
979 3031 1081 3066 solus
1101 3039 1137 3067 et

142 3100 240 3123 unus
259 3087 436 3133 adhaesit3
459 3097 496 3125 ct
514 3089 599 3126 ideo
615 3090 716 3126 solus
737 3090 784 3126 de
804 3089 948 3125 mundo
972 3098 1051 3126 toto
1067 3090 1137 3126 hoc

143 3155 264 3183 tecum
283 3148 319 3183 in
336 3148 549 3197 paradisum
567 3150 719 3186 intravit
738 3164 744 3185 z
766 3149 830 3186 ubi
849 3150 959 3185 ctiam
981 3149 1138 3186 firmiter

142 3219 218 3242 non
247 3205 322 3254 jam
345 3217 470 3244 custos
499 3210 683 3258 paradisi,
705 3210 768 3246 scd
791 3209 881 3245 civis
898 3217 934 3245 ct
958 3208 1138 3245 domesti—

195 3339 201 3353 ¹
235 3333 305 3364 lsai.
322 3344 392 3372 xiv,
416 3337 468 3366 11.
485 3353 523 3357 -—
551 3341 562 3357 ²
579 3334 692 3367 Mauh.
715 3346 830 3368 xxx-11.
850 3338 904 3365 sm,

1204 2684 1263 2712 ctu
1277 2684 1442 2725 paternae
1458 2686 1494 2713 et
1509 2687 1646 2714 nostrae
1662 2680 1919 2717 charitatis.1n
1935 2682 2011 2728 illo,
2025 2685 2199 2727 Domine,

1203 2736 1369 2772 clamore
1387 2736 1515 2772 valido
1534 2738 1753 2786 exspirasti,
1773 2747 1809 2775 ct
1828 2740 2002 2777 eumdem
2023 2755 2135 2790 quem
2156 2743 2201 2779 dc

1203 2794 1313 2831 nobis
1341 2803 1430 2831 tunc
1460 2795 1624 2832 habebas
1653 2799 1926 2847 compassionis
1953 2800 2118 2836 animum
2148 2810 2201 2837 le—

1203 2868 1287 2891 cum
1315 2855 1472 2903 portasti
1503 2869 1509 2890 :
1539 2863 1575 2891 ct
1602 2856 1738 2902 eredo,
1762 2859 1944 2903 Domine,
1972 2861 2058 2908 quia
2081 2869 2202 2898 tecum

1204 2914 1326 2950 adhuc
1357 2926 1543 2958 reservas,
1571 2915 1658 2963 quia
1685 2916 1845 2954 charitas
1874 2926 1934 2954 tua
1964 2919 2204 2968 refrigescere

1204 2972 1332 3009 nescit.
1372 2976 1460 3009 Erat
1495 2983 1619 3010 autem
1653 2975 1744 3012 liora
1781 2978 1963 3014 orationis
2002 2992 2113 3016 nona.
2161 2984 2203 3017 Et

1204 3044 1319 3080 quare
1348 3034 1470 3068 nona?
1488 3033 1581 3080 Quia
1603 3034 1700 3070 circa
1722 3035 1851 3072 horam
1874 3050 2011 3073 nouam
2038 3038 2203 3075 tenebrae

1206 3091 1309 3126 sactre
1332 3099 1419 3127 sunt
1439 3097 1462 3127 ².
1486 3093 1742 3141 chcllcndus
1763 3103 1841 3131 crat
1865 3095 2000 3132 horror
2029 3097 2204 3134 tenchra-

1206 3162 1308 3195 rum,
1341 3150 1404 3198 qui
1427 3150 1639 3187 universam
1661 3163 1862 3202 operuerat
1891 3163 2050 3196 tert-auu
2081 3157 2204 3205 rcpcl-

1205 3208 1315 3245 lenda
1343 3209 1462 3257 caligo
1490 3211 1743 3261 populorum,
1767 3227 1850 3262 qua·
1868 3228 1911 3249 cx*
1936 3223 2022 3250 tunc
2042 3224 2201 3265 cupri-at
