2504 3928
370 294 412 327 1¹.)
1133 289 1422 323 GILLEBERTI
1452 291 1478 323 A
1487 289 1646 323 mmsis
2353 283 2402 319 20

365 382 426 403 mn
458 383 552 404 mea.
579 366 692 404 Dulce
716 365 802 400 satis
830 371 885 400 est
912 371 946 399 te
963 391 971 407 ,
995 362 1092 399 bone
1119 368 1225 408 Jesu,
1247 377 1350 413 qure-

1419 363 1454 399 in
1484 363 1634 399 lectulo.
1666 365 1762 398 Bene
1788 362 1983 398 collocaris
2011 361 2046 396 in
2077 361 2234 406 lectulo,
2262 361 2292 397 si
2324 361 2402 397 otio

364 442 464 470 rere,
478 427 621 463 dulcius
638 434 774 460 tenere.
794 427 833 459 ln
850 435 926 458 uno
943 422 1027 472 pius
1043 421 1162 466 labor,
1177 422 1212 458 in
1230 423 1347 458 altero
1369 427 1396 458 Α
1417 422 1580 471 quodam
1601 421 1648 458 ab
1669 419 1982 470 occupationibus
2003 432 2106 456 niens
2130 427 2191 455 tua
2210 418 2327 455 libere
2348 419 2404 455 fc-

364 486 527 537 perl‘ecta
559 484 695 520 lretitia.
732 482 860 518 Dulcis
890 481 1018 530 utique
1053 489 1108 517 est
1143 481 1350 517 attrectatio

366 546 417 582 tui
438 561 445 582 :
464 558 546 581 nani
563 543 690 591 etipse
713 549 831 577 tactus
853 541 974 576 fructu
995 553 1070 576 non
1092 549 1204 576 caret.
1217 540 1352 577 Mulier

366 604 426 640 illa
443 601 654 650 evangelica
672 599 766 636 felici
784 599 882 636 furto
898 599 1018 648 attigit
1034 598 1218 635 fimbriam
1238 603 1326 636 Jcsu
1338 627 1348 645 ‚

363 672 400 699 et
420 663 541 699 statim
564 660 664 697 stetit
685 659 721 696 in
747 659 806 695 illa
828 659 951 695 {luxus
977 659 1166 708 sanguinis
1185 665 1209 705 ¹,
1228 658 1352 695 fluxus

363 722 522 758 carnalis
544 718 749 764 illecebrae,
770 718 928 755 carnalis
949 718 1207 754 delectationis
1226 727 1263 754 ct
1285 731 1351 754 cu—

364 795 432 826 rae;
453 789 490 816 et
510 779 678 816 restricta
698 787 734 815 et
755 777 935 814 desiccata
961 786 1048 814 sunt
1073 791 1156 827 quae
1179 776 1283 827 prius
1312 777 1350 813 in

363 841 423 876 illa
445 839 558 876 ssuida
575 846 681 875 erant
706 852 713 874 :
735 845 771 873 et
790 845 908 873 totum
932 837 1004 873 hoc
1021 837 1175 885 contigit
1193 850 1238 873 ex
1260 849 1350 872 con—

366 908 464 937 tactu
486 897 652 935 limbriae.
675 896 794 944 Quid,
815 896 843 932 si
866 904 979 945 caput
1003 896 1125 945 ipsum
1147 895 1353 944 amplexari

364 958 602 1008 contigisset?
628 959 710 993 Non
745 954 859 991 modo
890 963 1005 991 staret
1034 963 1070 991 et
1103 954 1352 990 exsiccaretur

363 1017 553 1068 sanguinis
577 1016 720 1060 fluxus,
742 1013 806 1050 sed
822 1022 1013 1050 emanaret
1034 1014 1196 1062 impetus
1221 1012 1349 1048 flumi-

365 1078 422 1114 nis
441 1077 556 1120 illius,
579 1073 681 1124 quod
706 1073 864 1109 laetilicat
889 1073 1074 1109 civitatem
1099 1073 1165 1109 Dei
1180 1078 1204 1108 ².
1227 1075 1352 1108 Bonus

364 1150 454 1186 ergo
484 1143 621 1178 tactus,
649 1132 713 1169 sed
741 1132 951 1168 attrectatio
985 1131 1129 1167 melior.
1154 1134 1197 1167 In
1222 1130 1352 1175 turba,

368 1196 404 1232 in
424 1194 576 1244 publico
596 1193 659 1229 vix
681 1192 844 1241 tangitur
863 1195 982 1228 Jesus.
1002 1190 1092 1227 Ideo
1111 1202 1249 1240 sponsa
1269 1202 1352 1238 quae

365 1267 442 1291 non
464 1261 606 1290 tantum
630 1260 801 1300 tangere,
818 1250 881 1286 sed
898 1249 1102 1299 amplexari
1121 1257 1158 1284 et
1179 1257 1353 1285 attrecta-

364 1327 404 1350 re
424 1311 588 1349 Verbum
610 1311 694 1347 vitae
715 1309 916 1355 desiderat,
939 1308 1108 1344 devitans
1129 1306 1320 1356 publicum
1341 1336 1350 1353 ,

364 1379 548 1409 secretum
579 1370 711 1419 elegit,
732 1377 913 1405 secretum
941 1375 977 1403 et
1005 1366 1131 1404 lectuli
1151 1375 1188 1402 et
1213 1367 1346 1402 noctis.

364 1435 508 1468 Bonum
526 1442 622 1478 opus
639 1429 696 1465 vel
713 1441 880 1477 quaerere
891 1431 1015 1464 Jesum
1028 1455 1036 1471 ,
1051 1426 1108 1462 vel
1128 1434 1252 1462 tencre
1267 1440 1274 1461 ε
1288 1424 1351 1461 scd

365 1488 629 1539 opportunitas
645 1496 681 1524 et
697 1488 767 1523 loci
787 1495 822 1522 et
841 1486 1021 1535 temporis
1038 1485 1122 1521 huic
1142 1483 1354 1520 adhibenda

366 1557 422 1585 est
453 1547 571 1596 operi.
595 1549 640 1582 Et
663 1558 746 1594 quae
766 1544 887 1593 major
912 1552 948 1580 et
971 1542 1289 1579 accommodatior
1307 1542 1353 1578 ad

365 1620 473 1644 usum
495 1606 654 1651 amoris,
678 1617 790 1653 quam
817 1603 940 1639 lectuli
962 1611 999 1639 ct
1021 1602 1142 1638 noctis
1165 1609 1354 1651 opportu-

366 1666 490 1702 nitas?
510 1664 586 1702 Nisi
607 1663 732 1712 quieta
759 1670 883 1698 mente
902 1661 1018 1710 quaeri
1041 1674 1114 1696 non
1138 1668 1264 1710 potest
1285 1660 1353 1696 de-

365 1724 515 1761 lectatio
545 1722 758 1772 sapientiae‚
793 1734 860 1757 nec
890 1719 1155 1768 intranquillus
1184 1719 1221 1755 in
1255 1719 1356 1755 illam

365 1792 537 1833 aspectus
557 1781 742 1830 dirigitur.
766 1780 861 1817 Nihil
882 1780 1118 1828 inquinatum
1140 1778 1298 1814 incurrit
1318 1778 1356 1814 in

365 1842 486 1887 illam,
507 1854 575 1877 nec
593 1841 818 1889 impacatum
837 1838 1000 1887 quidem.
1021 1838 1089 1874 Illa
1107 1850 1197 1872 vcro
1215 1837 1251 1872 in
1272 1837 1355 1872 ani-

1417 483 1543 518 riatur.
1562 480 1749 517 Libertate
1766 488 1803 516 et
1821 480 1898 515 otio
1915 479 2004 528 quid
2023 478 2340 515 accommodatius
2356 477 2403 515 ad

1419 554 1526 577 usum
1555 539 1719 576 amoris?
1745 542 1790 575 Et
1816 537 1968 575 libertas
1991 537 2201 574 illecebram
2228 537 2338 587 parit.
2358 540 2402 574 In

1417 600 1495 635 otio
1514 607 1550 635 et
1568 597 1768 648 expeditur
1791 596 1972 642 affectus,
1997 604 2035 633 ct
2062 609 2138 633 non
2170 609 2303 645 parum
2330 595 2404 633 im-

1417 658 1596 708 penditur
1621 657 1684 693 illi.
1706 657 1764 694 Sic
1789 664 1854 692 est.
1876 659 2027 704 Quanto
2054 654 2166 692 suerit
2191 654 2406 704 expeditior

1416 719 1579 760 animus,
1604 725 1708 753 tanto
1737 715 1888 765 quidem
1919 715 2125 765 impensior
2153 714 2224 750 crit
2246 714 2285 750 in
2313 713 2406 750 illud

1415 776 1518 826 quod
1546 784 1656 813 amat.
1684 779 1763 813 Usu
1788 774 1911 812 evenit
1938 782 1980 810 ut
2006 787 2091 810 cum
2117 773 2297 810 fuerimus
2324 773 2405 810 otio

1417 836 1570 881 redditi,
1587 843 1675 872 tunc
1695 835 1898 871 sentiamus
1914 834 2096 870 acriorem
2114 845 2280 869 morsum
2300 844 2405 869 amo-

1419 896 1468 932 ris
1494 891 1622 931 divini.
1655 897 1683 931 F,
1708 902 1838 930 contra
1868 891 2122 929 insensibilem
2152 903 2249 941 pene
2281 890 2406 927 reddit

1417 955 1592 992 affectum
1615 954 1789 1003 frequens
1811 965 1901 990 cura
1922 951 2075 997 mundi,
2093 958 2129 987 et
2146 950 2252 999 quasi
2268 950 2405 986 callum

1418 1013 1618 1063 quemdam
1639 1012 1753 1049 menti
1778 1010 1944 1047 obducit.
1969 1009 2146 1048 Animum
2168 1021 2256 1045 cura
2278 1007 2406 1058 impli-

1418 1081 1495 1119 cat,
1517 1073 1621 1122 quies
1647 1070 1820 1120 explicat.
1846 1069 2032 1119 Explicita
2056 1067 2241 1105 desideria
2260 1067 2298 1104 in
2321 1080 2405 1116 quae

1369 1130 1395 1163 Β
1415 1140 1524 1182 putas
1544 1132 1773 1167 incrementa
1792 1143 1830 1166 sc
1853 1129 2039 1165 dilatant?

1470 1192 1504 1228 3.
1515 1191 1626 1228 Vides
1640 1197 1780 1239 quanta
1797 1188 1899 1225 bona
1912 1187 2175 1224 contineantur
2190 1186 2229 1223 in
2246 1185 2407 1222 lectulo?

1417 1251 1530 1298 Quies
1544 1278 1553 1295 ,
1575 1249 1725 1286 libertas
1739 1276 1748 1293 ,
1767 1246 1952 1284 illecebra.
1974 1250 2017 1283 In
2035 1245 2174 1282 lectulo
2188 1245 2286 1281 enim
2303 1245 2407 1294 quie-

1419 1310 1464 1346 tis
1484 1318 1521 1346 ct
1539 1308 1736 1345 vacuitatis
1760 1315 1847 1343 vota
1869 1305 1985 1356 magis
2008 1304 2260 1341 inardescunt.
2283 1307 2405 1341 Locus

1417 1368 1721 1406 accommodatus
1752 1366 2029 1403 oblectamento
2062 1363 2250 1401 charitatis
2279 1376 2398 1414 spon-

1417 1441 1493 1464 sam
1516 1428 1562 1464 ad
1582 1426 1827 1477 quaerendum
1848 1432 1956 1473 urget
1974 1423 2178 1460 ardentius.
2201 1423 2281 1460 Illic
2301 1424 2400 1460 enim

1418 1487 1551 1536 aegrius
1576 1495 1677 1523 caret
1702 1486 1858 1530 dilecto,
1883 1483 1947 1521 ubi
1970 1490 2117 1533 poterat
2142 1481 2296 1520 uberius
2320 1482 2404 1519 frui.

1418 1551 1463 1582 In
1484 1549 1630 1590 lec-culo,
1650 1545 1792 1594 inquit,
1813 1558 1891 1579 meo
1903 1571 1914 1588 ‚
1932 1551 1969 1579 et
1983 1556 2054 1592 per
2076 1551 2209 1578 noctes.
2227 1541 2408 1593 QuaeJper

1420 1613 1549 1642 noctes
1571 1604 1704 1653 quaerit
1719 1632 1728 1650 ,
1755 1616 1829 1639 non
1853 1601 2002 1638 videtur
2024 1601 2114 1638 mihi
2135 1609 2209 1638 tam
2234 1608 2406 1651 aspectus

1421 1677 1531 1713 quani
1565 1663 1759 1712 amplexus
1791 1661 1934 1698 sectari.
1973 1664 2116 1698 Tenere
2150 1660 2266 1710 magis
2302 1668 2410 1710 optat

1420 1735 1532 1772 quam
1562 1722 1709 1758 intueri.
1736 1724 1839 1758 Bona
1861 1719 2012 1769 quidem
2034 1719 2129 1756 visio
2148 1727 2226 1764 est,
2251 1719 2316 1756 sed
2339 1720 2408 1757 ad-

1421 1781 1534 1817 haesio
1554 1780 1703 1817 arctior.
1724 1783 1816 1816 Nam
1838 1779 1903 1828 qui
1923 1778 2087 1815 adhaeret
2107 1777 2294 1824 Domino,
2310 1791 2409 1817 unus

1421 1848 1475 1876 est
1495 1839 1646 1888 spiritus
1661 1838 1686 1874 ⁵.
1709 1839 1842 1875 Melior
1861 1847 1984 1874 tamen
2005 1845 2177 1886 utraque.
2196 1841 2289 1874 Nam
2313 1851 2407 1875 con-

367 1914 469 1937 mum
494 1899 662 1948 quietum
685 1906 721 1933 et
740 1910 877 1946 purum
900 1897 998 1932 ultro
1021 1896 1212 1931 incurrere
1237 1895 1350 1940 solet,
1377 1895 1557 1947 Cjunctae
1583 1898 1744 1934 vicissim
1772 1897 2012 1933 incrementis
2039 1909 2077 1932 se
2104 1896 2298 1932 cumulant
2322 1909 2408 1947 gra.

366 1968 403 1997 et
428 1960 540 2008 gratis
566 1958 734 1994 influere.
763 1960 805 1992 In
833 1968 923 2005 pace
948 1955 1046 1991 enim
1071 1955 1174 1990 locus
1199 1953 1299 2001 ejus,
1320 1962 1357 1989 et

365 2019 547 2056 habitatio
565 2017 644 2066 ejus
661 2017 697 2052 in
716 2015 826 2053 Sion3
851 2030 858 2052 :
882 2015 953 2051 hoc
974 2022 1051 2059 cst,
1072 2014 1110 2049 in
1135 2013 1357 2062 speculatio-

366 2093 426 2116 ne.
451 2083 525 2116 Pax
552 2077 787 2127 pra‘ponitur
808 2075 914 2124 quasi
942 2073 1166 2123 praeparatio
1186 2071 1356 2121 quaedam

366 2137 644 2188 speculationis.
664 2135 803 2172 Oculus
818 2132 989 2169 turbatus
1005 2132 1063 2168 vel
1082 2132 1153 2177 ira,
1171 2131 1229 2166 vel
1247 2144 1355 2176 cura,

365 2195 559 2247 quomodo
575 2195 693 2230 lucem
711 2194 808 2230 illam
823 2191 1117 2228 inaccessibilem
1132 2189 1353 2234 intuebitur,

366 2270 450 2305 quae
477 2255 546 2291 nisi
575 2253 716 2289 screnis
742 2265 818 2288 non
843 2251 1038 2299 attingitur
1059 2247 1266 2292 mentibus,
1289 2261 1356 2284 nec

367 2315 437 2351 illis
458 2322 581 2349 tamen
600 2324 748 2360 semper
771 2309 816 2345 ad
842 2309 1016 2345 libitum?
1041 2307 1162 2356 Quid,
1184 2307 1354 2356 inquies,

367 2373 449 2423 paci
463 2371 507 2407 ad
521 2370 720 2406 lectulum?
736 2369 892 2404 Multum
908 2368 1018 2416 plane
1033 2365 1239 2402 secundum
1256 2365 1355 2401 hunc

370 2431 546 2474 modum,
567 2427 668 2477 quod
689 2427 784 2463 sicut
799 2428 834 2462 in
852 2426 1008 2470 lectulo,
1028 2426 1078 2461 sic
1099 2425 1137 2461 in
1159 2438 1248 2474 pace
1269 2425 1354 2461 dor-

370 2491 483 2527 mitur
502 2497 539 2524 et
553 2487 766 2537 quiescitur.
786 2489 829 2521 Ite
843 2499 957 2534 pace,
976 2485 1116 2533 inquit,
1138 2488 1176 2519 iu
1199 2486 1359 2531 idipsum

369 2552 552 2585 dormiam
575 2555 609 2582 ee
634 2550 860 2593 requiescam
886 2544 912 2580 ⁴.
941 2543 1080 2591 Quidni
1109 2542 1268 2578 libenter
1300 2555 1360 2578 re-

369 2609 534 2659 quiescat
555 2606 679 2642 anima
701 2613 848 2649 sancta,
868 2602 929 2639 ubi
955 2604 1058 2639 locus
1079 2610 1134 2638 est
1150 2602 1300 2638 dilecti?
1318 2605 1359 2638 In

1423 1957 1570 1993 tiarum.
1604 1960 1812 2004 Utramque
1845 1956 1873 1993 si
1904 1964 1939 1992 te
1972 1954 2298 2004 apprehensurum
2330 1968 2406 1992 non

1421 2015 1614 2052 arbitraris
1634 2043 1642 2060 ‚
1666 2023 1808 2051 sectare
1843 2023 1882 2051 tu
1916 2014 2018 2064 quod
2055 2027 2194 2064 sponsa
2230 2022 2406 2052 sectatur.

1422 2074 1630 2123 Amplexus
1652 2086 1778 2122 quaere
1800 2073 1938 2110 dilecti.
1963 2073 2191 2122 Ignorantiae
2213 2081 2287 2109 tuae
2308 2085 2408 2120 nox,

1421 2131 1498 2167 imo
1535 2139 1662 2168 noctes
1698 2131 1992 2180 ignorantiarum
2029 2140 2176 2167 tuarum
2191 2159 2201 2176 ‚
2239 2144 2407 2168 serenam

1422 2189 1488 2226 tibi
1505 2191 1686 2228 visionem
1710 2190 1842 2227 adimit
1861 2199 2090 2228 secretorum
2113 2191 2332 2229 coelestium.
2351 2194 2408 2229 Tu

1422 2249 1550 2284 suavia
1566 2262 1731 2298 sequere.
1748 2252 1882 2296 Quaere
1898 2257 1938 2285 ut
1951 2249 2158 2299 persentias
2170 2249 2252 2296 illa,
2267 2250 2296 2286 si
2313 2251 2407 2287 scire

1423 2319 1499 2343 non
1520 2316 1638 2356 potes.
1660 2312 1743 2344 Nox
1766 2321 1839 2344 non
1861 2307 2068 2358 praescribit
2088 2308 2248 2356 deliciis,
2266 2322 2353 2346 nam
2372 2319 2410 2347 et

1420 2365 1508 2414 ipsis
1529 2367 1725 2415 aliquoties
1750 2367 1969 2404 illustratur.
1988 2370 2092 2411 Nox,
2113 2367 2255 2417 inquit,
2273 2371 2410 2405 illumi-

1423 2429 1523 2460 natio
1552 2438 1634 2461 mea
1664 2430 1700 2461 in
1731 2428 1870 2462 deliciis
1895 2431 1987 2463 meis
2003 2425 2030 2463 ⁶.
2061 2430 2104 2462 In
2139 2429 2306 2474 deliciis,
2335 2429 2408 2476 ait;

1427 2496 1502 2520 non
1519 2513 1529 2529 ‚
1552 2488 1594 2522 In
1614 2485 1787 2523 scientiis.
1806 2490 1860 2523 Ita
1877 2495 1913 2522 ct
1930 2495 1968 2523 tu
1989 2495 2138 2523 noctem
2159 2487 2187 2523 si
2206 2500 2282 2524 non
2303 2496 2410 2538 potes

1426 2543 1590 2581 scientiis
1606 2573 1614 2590 ,
1632 2553 1804 2593 pertenta
1820 2545 2032 2581 illuminare
2049 2545 2203 2582 deliciis.
2217 2546 2409 2596 Quidquid

1427 2601 1484 2638 hic
1506 2602 1676 2639 videmus
1701 2616 1769 2652 per
1788 2604 1980 2652 speculum
2002 2612 2038 2640 et
2058 2604 2094 2640 in
2117 2605 2332 2653 aenigmate,
2351 2613 2411 2642 to-

368 2680 460 2718 pace
476 2666 574 2702 enim
597 2666 700 2701 locus
720 2663 810 2712 ejus.
834 2662 924 2699 Ideo
945 2662 1043 2697 hunc
1061 2660 1125 2697 tibi
1144 2662 1264 2696 locum
1283 2661 1356 2709 pri·
1372 2665 1404 2698 D
1426 2668 1502 2696 tum
1526 2661 1562 2697 in
1584 2670 1692 2698 nocte
1716 2671 1784 2698 cst.
1810 2666 1855 2699 Et
1878 2662 1916 2698 in
1942 2663 2010 2699 hac
2030 2671 2141 2699 nocte
2159 2672 2285 2713 potest
2303 2667 2411 2702 Jesus

370 2740 433 2763 nio
456 2725 627 2774 acquire,
648 2731 687 2759 ut
709 2723 744 2758 in
768 2736 835 2766 co,
857 2734 966 2770 quem
994 2720 1111 2769 diligit
1131 2720 1253 2756 anima
1277 2728 1357 2765 tua,

371 2786 429 2820 vel
456 2785 637 2832 allapsum
668 2789 815 2825 teneas,
835 2780 892 2814 vel
918 2779 1086 2828 elapsum
1117 2778 1293 2826 requiras.
1316 2781 1358 2814 In

373 2845 508 2881 lectulo
536 2843 634 2878 enim
658 2850 694 2877 et
715 2849 856 2876 secreta
881 2839 1042 2888 quadam]
1074 2838 1205 2874 inentis
1234 2837 1358 2885 quiete

371 2912 495 2954 potest
524 2901 737 2948 investigari
767 2899 942 2942 liberius,
972 2898 1131 2935 inveniri
1165 2897 1295 2942 citius,
1322 2906 1358 2933 et

373 2964 488 2998 tutius
512 2961 651 3004 teueri;
674 2960 768 2995 sorte
788 2967 823 2994 et
851 2958 1013 3003 diutius,
1035 2959 1062 2993 si
1092 2965 1212 2993 tamen
1235 2965 1358 3005 potest

372 3021 511 3058 diutius
529 3019 665 3055 nnwari
688 3019 723 3054 iu
742 3017 883 3053 deliciis
905 3017 974 3052 illis
991 3029 1072 3065 quae
1091 3017 1165 3052 sere
1182 3016 1302 3050 solent
1321 3016 1356 3051 in

374 3081 461 3129 ipsis
480 3077 647 3114 intercidi
666 3076 870 3125 principiis.
890 3080 978 3112 Natu
997 3084 1033 3111 et
1051 3075 1127 3110 tia-c
1146 3074 1247 3110 velut
1263 3074 1359 3109 inter

374 3140 474 3188 ipsos
502 3138 625 3186 elapsa
654 3136 868 3184 amplexus,
898 3143 934 3170 et
963 3135 1145 3182 fugientes
1177 3133 1360 3168 insectans

372 3197 540 3239 delicias,
564 3195 738 3231 dilectum
759 3206 886 3229 rursus
904 3193 1036 3229 anxius
1059 3191 1212 3240 quserit,
1235 3200 1269 3226 et
1291 3191 1360 3226 lioc

421 3328 427 3342 ¹
462 3320 573 3352 Manli.
606 3330 657 3356 ix,
691 3323 807 3349 20-27..
851 3337 879 3341 --
914 3323 923 3338 ²
953 3319 1032 3349 rsnt.
1063 3329 1134 3350 xix.
1163 3322 1190 3345 j..

372 3378 385 3390 '¹
406 3375 482 3405 l’sal.
503 3384 650 3403 rxxxvm
665 3396 671 3406 ,
698 3376 746 3402 11.

1303 3316 1412 3346 il'sal.
1447 3329 1541 3351 lxxv,
1576 3322 1606 3346 23.
1646 3337 1658 3339 ⁴

1425 2734 1529 2757 meus
1550 2721 1664 2770 magis
1684 2721 1783 2757 dulci
1804 2721 1967 2770 quodam
1985 2722 2119 2758 affectu
2139 2723 2302 2759 suaviter
2320 2735 2409 2760 sen-

1425 2781 1505 2825 tiri,
1522 2795 1632 2830 quam
1652 2781 1734 2817 sciri
1755 2781 1800 2817 ad
1820 2795 1968 2830 purum.
1984 2781 2073 2818 Ideo
2091 2782 2157 2818 etsi
2179 2782 2347 2818 nondum
2363 2783 2410 2819 ad

1424 2839 1632 2875 contuitum
1643 2839 1862 2885 admittitur,
1872 2848 2082 2876 contactum
2094 2848 2216 2876 tamen
2229 2848 2405 2885 sectatur,

1424 2897 1598 2934 dilectum
1621 2899 1656 2934 in
1679 2899 1837 2943 lectulo,
1863 2907 1899 2935 et
1920 2912 1987 2948 per
2010 2907 2139 2935 noctes
2158 2912 2340 2948 quaerens.

1476 2957 1510 2993 4.
1542 2957 1661 3006 Quid,
1692 2957 1719 2993 si
1754 2957 1799 2993 ad
1832 2958 2087 2994 inventionem
2120 2957 2243 2994 dilecti
2270 2967 2307 2995 et
2336 2973 2412 2996 nox

1426 3017 1632 3066 operatur?
1652 3018 1886 3064 Cooperatur
1910 3016 2045 3065 plane,
2071 3024 2108 3052 ct
2132 3017 2412 3055 accommodate

1425 3077 1523 3112 satis.
1559 3075 1661 3111 Sicut
1697 3076 1731 3109 in
1768 3075 1904 3111 lectulo
1937 3084 2072 3111 sancta».
2109 3075 2243 3124 quietis
2278 3077 2413 3127 accipis

1425 3135 1568 3177 otium,
1602 3134 1652 3169 sic
1684 3133 1913 3170 oblivionem
1947 3134 2147 3183 quamdam
2181 3135 2344 3183 intellige
2375 3137 2412 3173 in

1428 3201 1548 3228 nocte.
1584 3195 1793 3241 l'trumque
1831 3193 2020 3241 sapientiai
2056 3201 2089 3227 et
2125 3194 2412 3242 contemplatio-

1718 3319 1723 3341 ὓ
1760 3319 1833 3347 l’sal.
1871 3329 1912 3352 iv,
1947 3323 1978 3348 (J.
2008 3338 2044 3341 -—
2070 3316 2082 3339 5
2110 3321 2209 3349 [flor.
2231 3323 2338 3355 v1,17
2382 3338 2402 3341 --
