2504 3928
328 219 420 254 1055
1026 215 1312 251 INSTRUCTIO
1341 214 1659 252 SACERDOTIS.
2270 217 2365 252 1056

317 294 486 331 eamdem
508 293 628 328 lucem
652 289 941 327 inaccessibilem
962 305 969 326 :
991 298 1077 326 sunt
1095 290 1192 326 idem
1211 288 1496 338 ignis⁸⁹⁰totam
1520 289 1557 324 in
1580 289 1635 324 sui
1661 288 1830 324 roton-em
1855 289 2011 325 transire
2030 291 2148 338 eogit3
2174 299 2210 327 et
2230 305 2365 340 quem-

318 365 564 393 consumeus‚
582 360 617 387 et
637 351 766 387 eadem
789 349 950 394 claritas,
969 350 1099 386 eadem
1124 350 1308 399 potentia,
1329 350 1357 382 Α
1377 347 1581 384 admodum
1599 348 1722 383 anima
1737 355 1854 383 totum
1873 361 2011 397 eorpus
2028 349 2187 394 animat,
2207 360 2365 399 vegetat,

319 413 448 448 eadem
467 412 669 460 sapientia,
687 410 814 447 eadem
834 409 1028 457 majestas,
1051 409 1180 445 cadem
1207 417 1310 445 :eter-

320 472 426 506 nitas.
453 474 513 506 list
535 470 658 518 itaque
682 469 797 506 Filius
816 481 836 504 a
860 471 985 513 Patre,
1015 471 1116 504 Deus
1137 468 1182 504 dc
1204 472 1284 504 Deo
1299 495 1308 511 ,

321 532 445 565 lumen
464 529 509 564 de
526 529 689 573 lumine,
709 532 808 564 Deus
826 540 936 563 verus
957 527 1003 563 de
1025 531 1104 564 Deo
1125 540 1229 563 vero.
1249 531 1311 563 Est

321 590 452 637 utiquc
474 587 654 637 splendor
678 595 843 637 paternae
866 586 1004 634 glorian
1030 587 1124 622 llinc
1151 594 1186 622 ct
1211 590 1312 635 Apo-

323 649 440 683 stolus
458 647 504 683 ait
521 676 530 689 ,
549 649 622 693 Qui
638 660 718 681 cum
739 651 786 680 sit
798 647 972 694 splendor
982 648 1130 693 gloriw,
1147 646 1312 692 ‹ft-figura

322 706 540 741 substantia·
574 710 650 751 ejus
671 712 678 725 ¹
697 720 706 749 ;
739 704 837 740 haud
871 703 1026 740 dubium
1055 704 1145 752 quin
1182 703 1311 740 Patris.

322 765 499 815 Splendet
521 778 610 812 crgo
641 777 747 812 reque
766 763 882 800 Filius
902 771 942 799 ut
969 766 1092 808 Pater,
1115 763 1190 798 imo
1215 761 1312 797 idem

320 825 501 875 splendor
525 824 636 861 Filius
661 823 724 872 qui
749 826 865 858 Pater.
893 822 1140 858 sufficiuntne
1165 822 1232 857 ista
1249 820 1315 856 tibi

323 884 534 920 testimonia
552 882 597 918 dc
618 883 784 918 claritate
806 881 911 919 Filii?
931 884 1005 918 Aut
1027 881 1178 917 sortasse
1196 880 1314 924 dices,

323 953 357 979 tc
379 943 493 991 magis
513 942 748 986 desiderare,
772 949 806 977 te
827 940 1001 977 delectari
1025 940 1190 976 claritate
1211 938 1313 987 cjuS,

324 1012 435 1053 prout
452 1007 551 1040 Deus
567 1010 621 1038 est
638 1010 673 1037 et
690 1001 804 1037 homo
816 1002 830 1036 Ρ
844 1004 918 1037 Nec
935 1001 971 1036 in
994 1000 1061 1036 hac
1080 1008 1184 1050 parte
1202 999 1317 1049 ipsius

320 1063 530 1112 opitulante
550 1061 666 1110 gratia
686 1060 844 1097 deerunt
865 1059 1087 1095 testimonia.

380 1124 437 1159 17.
458 1123 582 1159 Primo
599 1129 632 1157 te
650 1134 729 1157 esse
749 1120 933 1156 monitum
954 1120 1041 1155 volo
1058 1147 1066 1164 ‚
1091 1132 1137 1155 ne
1155 1118 1316 1155 aestimos

323 1184 542 1219 offuscatam
563 1179 676 1217 vorbi
693 1180 918 1225 claritatem,
942 1193 1009 1229 per
1027 1187 1255 1228 assumptam
1277 1178 1314 1214 in

324 1247 402 1279 Deo
436 1241 717 1278 humanitatem.
754 1239 851 1276 Audi
885 1238 977 1287 quid
1010 1239 1192 1287 scriptum
1223 1245 1278 1273 est
1307 1251 1315 1273 :

324 1321 336 1332 ιι
357 1304 456 1337 Deus
477 1298 677 1347 assumpsit
694 1297 876 1340 hnmana,
897 1309 973 1332 non
993 1296 1145 1344 reliquit
1162 1295 1314 1331 divina:

323 1358 550 1407 »assumpsit
565 1357 666 1406 quod
682 1370 756 1391 non
773 1364 870 1400 erat,
884 1368 1039 1391 manens
1055 1354 1158 1403 quod
1171 1360 1287 1390 erat².
1300 1371 1313 1386 »

323 1419 488 1466 Angelus
506 1417 551 1452 ad
570 1416 723 1452 Mariam
743 1414 792 1450 ait
813 1429 820 1450 :
843 1416 1002 1461 Spiritus
1017 1423 1166 1448 sanctus
1185 1426 1317 1460 super-

325 1482 442 1511 veniet
458 1481 494 1511 iu
512 1485 545 1510 te
557 1503 568 1520 ,
583 1483 618 1509 et
634 1478 750 1509 virtus
766 1475 953 1508 Altissitni
969 1470 1202 1506 obumbrabit
1216 1470 1279 1506 tibi
1290 1469 1316 1506 3.

324 1536 439 1584 Cujus
471 1534 560 1570 dicti
595 1532 841 1581 intelligentia
863 1539 918 1567 est
944 1546 952 1567 :
980 1531 1141 1581 Spiritus
1167 1537 1319 1567 sanctus

321 1595 541 1645 operabitur
577 1594 614 1629 in
649 1601 682 1629 te
717 1591 1017 1628 incarnationem
1050 1588 1163 1627 Verbi
1196 1589 1319 1625 incar-

323 1655 455 1700 nandi,
489 1652 700 1703 separando
732 1665 752 1687 a
781 1663 893 1687 carne
923 1658 986 1686 tua
1014 1649 1316 1699 partiunculam,

323 1728 407 1764 quae
428 1712 674 1756 animabitur,
702 1719 738 1747 et
758 1710 895 1746 divinae
918 1709 1089 1746 essentiae
1117 1709 1154 1744 in
1176 1709 1319 1744 unitate

325 1785 497 1822 personae
513 1769 766 1820 copulabitur.
790 1772 929 1806 Verum
946 1781 1031 1817 quae
1051 1780 1162 1804 causa
1183 1766 1319 1803 obum—

1375 415 1411 442 ct
1429 407 1610 450 vivifican
1627 406 1720 442 sicut
1735 414 1771 442 et
1791 406 1885 454 ignis
1902 408 2040 443 serrum
2061 408 2367 445 transverberans

1377 466 1532 515 ignitum
1551 466 1692 511 reddit3
1708 466 1909 502 candorem
1925 480 2032 503 suum
2049 475 2085 503 et
2099 469 2260 504 calorem
2279 482 2369 504 con-

1378 527 1516 569 serens,
1534 526 1654 574 ipsum
1673 526 1874 561 scintillare
1888 555 1896 570 ,
1916 526 2170 562 flammescere
2182 556 2190 572 ,
2206 536 2241 563 et
2259 541 2368 563 urcre

1377 594 1507 621 contra
1527 593 1697 621 naturam
1716 598 1819 620 suam
1843 585 1928 621 facit
1947 600 1954 621 :
1977 585 2029 621 sic
2055 589 2155 622 Deus
2176 586 2367 622 hominem

1379 644 1447 680 sibi
1464 644 1607 680 unitum
1626 643 1792 690 deificat,
1808 652 1845 680 et
1860 657 1972 693 supra
1990 658 2139 680 omnem
2159 653 2368 682 creaturam

1379 704 1580 739 exaltatum
1596 703 1769 752 puritatis
1784 704 2057 753 omnipotentia
2068 712 2103 740 et
2119 704 2265 740 deitatis
2278 718 2369 754 prae-

1381 763 1548 812 rogativa
1568 775 1694 798 secum
1711 762 1899 798 clarificat.
1915 763 2028 799 Filius
2045 762 2090 799 de
2106 776 2144 799 se
2165 763 2246 813 ipso
2265 764 2370 800 testi-

1381 822 1548 857 monium
1568 821 1752 870 perhibet,
1771 822 1897 858 dicens
1911 851 1919 867 ,
1938 824 2015 870 Ego
2030 826 2096 857 lux
2115 827 2201 858 vem·
2215 827 2251 858 ιή
2270 837 2371 860 num-

1381 884 1467 916 dum
1483 911 1492 925 ,
1531 891 1565 916 et
1597 884 1806 917 dilexeram
1838 882 2002 917 hammes
2040 887 2160 931 magis
2195 883 2365 919 tenebras

1381 954 1491 988 quam
1509 944 1622 976 lucem
1638 939 1651 961 5
1669 955 1676 976 :
1695 949 1730 977 et
1749 941 1882 976 iterum
1898 970 1906 986 ,
1922 943 2001 990 Ego
2014 955 2093 976 sum
2111 945 2178 977 lux
2198 944 2329 977 mundi
2340 941 2366 978 s’.

1382 1003 1545 1036 Joanncs
1566 1000 1601 1036 id
1622 1001 1742 1050 ipsum
1761 1013 1936 1050 expresse
1953 1001 2140 1050 loquitur,
2166 1002 2338 1050 inquiens
2360 1017 2366 1037 :

1327 1060 1354 1094 B
1375 1061 1470 1095 Erat
1492 1063 1555 1094 lua·
1571 1074 1661 1095 vera
1673 1088 1683 1104 ‚
1705 1074 1793 1108 quw
1812 1063 2001 1096 illuminat
2025 1074 2168 1096 omnem
2186 1062 2370 1097 hominem

1385 1123 1590 1155 venientem
1618 1124 1656 1155 in
1683 1120 1779 1155 hunc
1797 1122 2009 1156 mundatur.
2038 1119 2094 1157 Ad
2117 1124 2262 1157 Patrem
2287 1121 2372 1169 qni-

1382 1177 1466 1214 dem
1496 1187 1581 1215 ante
1608 1179 1818 1228 passionem
1842 1192 1954 1215 orans
1985 1179 2130 1215 locutus
2158 1188 2213 1216 est
2231 1180 2370 1224 Filius,

1382 1236 1530 1282 dicens,
1556 1238 1728 1284 Flarf'st'm
1749 1252 1825 1281 me,
1856 1239 1989 1281 Pater,
2012 1241 2117 1286 apud
2141 1242 2371 1287 tetm·tip.s·um

1381 1299 1550 1331 claritate
1566 1310 1675 1344 quam
1692 1296 1803 1332 habui
1813 1301 1920 1345 prius
1933 1311 2043 1345 (suam
2060 1299 2214 1332 mumius
2220 1296 2368 1343 fieretssx

1381 1355 1440 1390 cui
1460 1358 1589 1398 Pater,
1622 1358 1669 1390 Ee
1691 1356 1892 1402 clarificavi
1904 1383 1914 1399 ,
1939 1365 1974 1391 et
1997 1355 2249 1402 clarq'fieabuss.
2273 1355 2372 1403 Quid

1384 1413 1548 1449 clarius?
1565 1414 1654 1462 quid
1677 1415 1931 1450 manifestius?
1949 1414 2040 1462 quid
2056 1415 2297 1451 evidentius?

1445 1473 1501 1509 18.
1529 1475 1581 1509 Ex
1612 1473 1814 1521 Evangelio
1844 1473 1977 1522 collige
2006 1473 2233 1518 claritatem,
2261 1487 2372 1523 quam

1385 1544 1486 1567 nunc
1500 1531 1612 1567 habet
1629 1535 1729 1568 Deus
1743 1531 1857 1567 homo
1874 1532 2080 1568 secundum
2098 1533 2286 1569 hominem
2304 1533 2376 1568 cla-

1386 1590 1570 1635 rificatus,
1602 1591 1668 1646 qui
1700 1591 2035 1641 appropinquante
2069 1599 2262 1642 tempore,
2299 1605 2376 1641 quo

1387 1651 1611 1687 transiturus
1639 1660 1719 1687 erat
1739 1651 1788 1697 de
1807 1651 1878 1687 hoe
1898 1651 2039 1687 mundo
2059 1651 2105 1687 ad
2126 1655 2292 1697 Patrem,
2316 1664 2377 1687 as·

1384 1710 1543 1759 sumpsit
1575 1713 1725 1746 Petrum
1757 1719 1792 1746 et
1819 1714 2004 1747 Joanncm
2035 1719 2071 1746 et
2100 1709 2304 1755 Jacobum,
2340 1718 2376 1746 ct

1385 1769 1551 1805 ascendit
1568 1782 1681 1819 supra
1702 1778 1867 1805 montem
1887 1769 2058 1816 Thabor,
2080 1778 2116 1806 et
2134 1771 2376 1819 transfigura-

324 1833 504 1870 brationis
519 1830 697 1868 Altissimi
717 1829 890 1865 virtutis?
916 1831 1005 1865 Haec
1022 1828 1198 1864 nimirum
1217 1840 1317 1877 prae—
1339 1826 1365 1862 C
1384 1837 1442 1865 tus
1456 1837 1510 1865 est
1526 1837 1611 1866 ante
1627 1842 1708 1874 eos,
1725 1837 1761 1864 et
1777 1828 1972 1878 splendida
1991 1829 2082 1865 sacta
2097 1837 2151 1866 est
2167 1830 2275 1865 facies
2291 1828 2372 1877 ejus

326 1894 448 1942 cipna.
475 1895 568 1929 Caro
593 1889 756 1939 Virginis
777 1888 847 1924 nisi
876 1887 1036 1937 quadam
1061 1887 1199 1923 latente
1225 1898 1317 1935 ope-

325 1953 470 1988 ratione
499 1949 724 1987 obumbrata
749 1948 904 1993 fuisset,
935 1946 1177 1997 splendorem
1207 1953 1317 1982 tantae

322 2011 522 2060 majestatis
554 2010 634 2046 sinc
663 2009 718 2045 sni
752 2007 1046 2056 consumptione
1078 2018 1315 2055 nequaquam

323 2072 418 2106 serre
435 2070 627 2119 potuisset.
643 2067 754 2105 Unde
773 2067 958 2103 Dominus
972 2065 1018 2102 ad
1032 2069 1187 2114 Moysen
1203 2093 1211 2110 ,
1233 2066 1317 2100 Non

321 2130 465 2166 videbit
492 2144 548 2164 me
576 2130 680 2164 bomo
706 2141 817 2175 super
845 2137 1007 2170 terram,
1031 2135 1065 2161 et
1084 2130 1181 2161 vivet
1195 2139 1206 2160 .·
1226 2138 1268 2161 ac
1287 2124 1316 2161 si

323 2191 462 2226 diceret
478 2219 486 2235 ,
507 2193 634 2225 Tantze
655 2201 736 2224 sum
759 2188 795 2223 in
817 2195 949 2223 natura
973 2185 1101 2221 divina
1124 2184 1315 2229 claritatis,

325 2250 427 2300 quod
448 2250 561 2285 homo
581 2249 807 2284 constitutus
830 2248 867 2283 in
890 2246 1039 2282 mortali
1059 2259 1170 2282 carne
1188 2245 1319 2281 videre

325 2323 383 2345 me
407 2321 642 2357 nequaquam
662 2307 798 2356 poterit
817 2306 958 2354 absque
979 2305 1034 2341 sui
1057 2305 1320 2353 consumptio-

325 2383 383 2404 nc.
413 2368 506 2404 Inde
526 2375 579 2403 est
611 2366 711 2415 quod
745 2379 828 2401 cum
848 2368 996 2413 Moyses
1018 2365 1054 2399 in
1080 2364 1197 2399 multa
1223 2376 1318 2399 con-

325 2429 458 2464 stantia
482 2427 644 2464 Domino
675 2425 926 2474 supplicaret,
961 2424 1109 2469 dicens,
1138 2426 1317 2467 Domine,

325 2489 477 2522 astnmle
507 2496 540 2521 (τ’
574 2489 692 2533 ipsum
726 2484 842 2525 milti;
871 2482 943 2527 ait,
973 2483 1036 2516 Sta
1063 2486 1100 2516 in
1126 2479 1320 2526 ΔῙὲιιγιιηίησ

323 2556 465 2594 petae,
493 2554 527 2580 et
551 2558 630 2579 cum
655 2546 920 2591 pertransiero,
942 2539 1085 2576 videbis
1113 2545 1321 2588 posteriora

1383 1889 1477 1925 sicut
1497 1889 1570 1934 sol,
1602 1897 1638 1925 et
1665 1888 1888 1924 vestimenta
1910 1887 1991 1936 ejus
2022 1888 2119 1924 sicut
2140 1889 2224 1934 nix,
2249 1887 2373 1936 qualia

1384 1948 1475 1984 fullo
1498 1961 1572 1983 non
1595 1956 1718 1997 potest
1740 1948 1860 1984 facere
1877 1960 1990 1997 super
2011 1956 2146 1983 terram
2164 1961 2172 1992 ;
2197 1956 2234 1983 et
2253 1960 2373 1996 appa-

1383 2006 1554 2043 rentibus
1576 2010 1705 2055 Moyse
1723 2015 1759 2042 et
1778 2006 1876 2052 Elia,
1898 2019 1980 2042 cum
2001 2007 2238 2043 intuerentur
2260 2006 2373 2042 clari-

1384 2074 1495 2102 tatem
1514 2066 1640 2102 vnltus
1657 2065 1758 2114 ejus,
1777 2065 1872 2101 ferre
1891 2065 2071 2114 fulgorem
2091 2078 2166 2101 non
2184 2072 2373 2115 poterant,

1383 2125 1446 2162 sed
1469 2126 1642 2162 timentes
1664 2125 1771 2161 valde
1786 2133 1822 2161 et
1839 2125 2068 2161 consternati
2090 2125 2222 2161 animis
2236 2153 2245 2170 ,
2268 2123 2374 2173 quasi

1383 2186 1572 2222 exanimes
1583 2185 1676 2235 lapsi
1689 2192 1776 2221 sunt
1788 2197 1900 2234 super
1912 2192 2048 2220 terram
2063 2190 2102 2220 ¹⁰.
2113 2184 2148 2221 Si
2162 2184 2274 2232 igitur
2284 2182 2375 2219 tanti

1379 2243 1524 2293 jubaris
1537 2274 1545 2290 ,
1566 2253 1637 2280 tam
1657 2244 1795 2280 radiosi
1816 2244 2029 2293 splendoris
2043 2272 2051 2288 ,
2074 2243 2249 2280 humanis
2265 2243 2375 2279 obtu-

1387 2303 1486 2339 tibus
1503 2312 1574 2339 tam
1598 2303 1847 2352 importabilis
1862 2303 2038 2340 claritatis
2052 2316 2233 2352 apparere
2249 2302 2375 2351 digna-

1387 2371 1445 2398 tus
1465 2370 1541 2407 est,
1560 2375 1721 2411 corpore
1742 2362 1865 2397 adhuc
1886 2362 2102 2397 mortalitati
2124 2360 2313 2406 obnoxio,
2339 2369 2375 2397 et

1385 2421 1563 2457 membris
1580 2421 1747 2457 nondum
1770 2421 2016 2470 corruptione
2031 2420 2153 2456 exutis
2171 2435 2178 2456 ε
2196 2428 2373 2469 quantam

1386 2480 1590 2515 claritatem
1613 2479 1766 2515 credere
1791 2478 1970 2515 debemus
1992 2478 2112 2515 inesse
2132 2479 2226 2516 Filio
2248 2479 2315 2515 Dei
2337 2479 2374 2515 in

1387 2539 1507 2574 forma
1529 2538 1691 2574 hominis
1721 2538 1926 2587 assumpti,
1952 2538 2030 2587 jam
2053 2538 2271 2587 glorificati,
2296 2537 2375 2586 jam

327 2605 588 2652 tt1e(1;sa(·iem
606 2613 728 2638 aulem
753 2615 872 2637 meam
890 2603 1018 2636 videre
1039 2604 1267 2648 mmpoteris
1282 2600 1317 2636 ⁴:
1338 2599 1369 2632 D
1388 2611 1501 2647 super
1530 2598 1644 2633 coelos
1677 2598 1860 2633 coelorum
1895 2597 2066 2642 exaltati,
2096 2596 2175 2645 jam
2205 2596 2377 2633 habentis

325 2666 395 2701 hoc
412 2665 484 2709 ait,
507 2677 573 2713 per
595 2663 723 2698 faciem
744 2661 944 2709 designans
965 2659 1225 2702 divinitatem,
1252 2671 1319 2707 per

326 2724 536 2774 posteriora
566 2721 860 2763 humanitatem,
886 2732 997 2768 quam
1027 2727 1148 2754 tamen
1171 2721 1320 2766 Moyses

329 2783 517 2833 corporali
536 2783 673 2818 intuitu
696 2794 771 2817 non
793 2780 908 2824 vidit,
930 2778 993 2815 sed
1014 2778 1174 2828 posteris
1190 2777 1320 2813 viden-

327 2845 374 2880 da
411 2843 572 2892 reliquit.
614 2840 886 2889 Exemplariter
922 2838 1074 2887 quidem
1119 2837 1322 2887 cognosci-

328 2914 388 2939 tur
402 2931 409 2945 ,
433 2901 585 2950 quamdo
603 2900 762 2948 gloriosa
781 2912 867 2934 caro
883 2897 1040 2942 Christi,
1059 2897 1194 2945 quaein
1215 2896 1320 2932 altari

327 2962 538 3000 coniicitur,
559 2969 596 2995 et
618 2958 788 2995 fidelibus
807 2958 842 2993 in
859 2957 1040 2993 Viaticum
1059 2955 1318 3001 distribuitur,

328 3023 410 3067 igne
432 3020 549 3055 ‹lix-ini
571 3019 718 3054 ardoris
739 3018 976 3053 clarificatur.
1001 3016 1103 3051 Sicut
1123 3015 1221 3051 enim
1244 3016 1320 3051 cla-

330 3081 472 3116 rissima
489 3092 655 3133 purpura
675 3077 974 3114 candidissimam
993 3076 1114 3112 lanam
1135 3075 1268 3120 inlicit,
1287 3083 1323 3111 et

382 3218 388 3232 ¹
410 3211 506 3242 llelor.
525 3223 532 3241 ι
551 3235 557 3247 ,

1386 2671 1523 2693 nomen
1553 2657 1654 2706 quod
1678 2666 1733 2693 est
1756 2670 1870 2706 super
1890 2670 2002 2693 omne
2025 2670 2184 2701 nomen,
2204 2657 2255 2692 ita
2278 2664 2320 2692 ut
2338 2656 2375 2692 in

1385 2717 1537 2753 nominc
1575 2715 1656 2764 ejus
1687 2729 1798 2752 omne
1827 2729 1925 2765 genu
1958 2716 2129 2752 flectatur
2153 2715 2374 2760 coelestium,

1387 2777 1618 2812 terrestrium
1641 2785 1679 2814 et
1701 2776 1933 2812 infernorum
1952 2782 1976 2798 ¹¹
1994 2791 2003 2822 ;
2019 2776 2095 2825 jam
2115 2775 2318 2811 constituto
2338 2775 2376 2810 in

1388 2836 1447 2872 die
1482 2837 1630 2873 virtutis
1654 2850 1747 2881 succ,
1782 2836 1818 2872 in
1841 2835 2107 2885 splendoribus
2133 2843 2347 2872 sanctorum
2365 2861 2375 2878 ,

1388 2896 1451 2932 ubi
1467 2896 1860 2945 Paterjucnnditatem
1880 2904 1916 2932 et
1931 2895 2219 2932 exsultationem
2236 2894 2379 2930 thesau-

1388 2956 1509 2991 rizans
1529 2955 1600 2999 ait,
1623 2958 1720 2990 Aule
1739 2953 1927 3001 lacrjfmum
1940 2957 2052 3002 genui
2066 2963 2100 2988 te
2114 2958 2154 2988 ¹².
2172 2951 2227 2989 Ibi
2248 2964 2378 2987 revera

1388 3015 1507 3060 lucet,
1526 3014 1562 3049 in
1581 3013 1639 3049 die
1657 3015 1805 3050 virtutis
1820 3026 1894 3050 suae
1906 3042 1915 3058 ,
1930 3013 1968 3049 in
1984 3013 2043 3048 die
2059 3010 2273 3048 aeternitatis
2289 3023 2375 3046 suae.

1388 3077 1493 3110 Hanc
1514 3073 1689 3109 nimirum
1710 3073 1807 3109 diem
1824 3073 1924 3109 nulla
1943 3085 2018 3107 nox
2035 3069 2256 3119 interpolat,
2276 3069 2379 3104 nulla

582 3214 612 3241 st.
634 3230 673 3232 —
695 3209 1006 3242 ²111()sli‹·.Eccles.
1026 3227 1063 3231 —
1088 3207 1099 3230 3
1119 3211 1193 3239 Luc.
1212 3219 1244 3245 1,
1263 3210 1318 3238 35.
1340 3224 1383 3229 —-
1405 3206 1418 3232 ⁴⁵
1442 3205 1540 3238 Exod.
1564 3216 1695 3242 xxxiii,
1723 3207 1835 3236 18-23.
1859 3222 1899 3226 ——
1926 3202 1938 3225 ⁵
1961 3206 2054 3234 Joan.
2080 3214 2142 3241 111,
2171 3204 2222 3233 19.
2238 3219 2280 3224 -—-
2296 3199 2312 3223 ⁶
2331 3201 2376 3232 td.

332 3277 410 3301 ιιιι,
441 3269 491 3295 12.
515 3281 554 3285 ——
581 3269 593 3292 7
613 3263 657 3294 ld.
677 3274 708 3299 ι,
728 3266 758 3293 9.
776 3280 818 3285 -
839 3261 917 3294 ⁸1d.
939 3266 1073 3298 xv11,.·'›.
1098 3278 1133 3283 ——
1161 3259 1329 3296 9td.x11,
1351 3262 1404 3291 28.
1422 3278 1465 3283 —
1489 3265 1519 3281 ¹⁰
1536 3261 1608 3289 Luc.
1627 3269 1683 3297 ix,
1711 3261 1823 3290 28-30.
1848 3275 1891 3279 --
1919 3262 1943 3277 ¹¹
1964 3255 2099 3297 Philipp.
2123 3266 2170 3290 ιι,
2193 3258 2235 3291 9,
2267 3257 2317 3286 10.
2335 3271 2377 3276 —

335 3324 361 3338 ¹²
382 3318 460 3347 tuat.
477 3328 529 3347 cix
546 3340 553 3354 ,
572 3319 600 3347 3.
