2418 3949
90 193 163 231 205

801 197 850 231 IN
879 195 1101 237 CANTICA,
1130 195 1292 230 SERMO
1321 197 1444 231 XXX.

2057 200 2131 238 206

89 269 162 316 dia,
183 269 234 306 nil
250 277 396 306 tumore
413 269 607 306 turbatius.
626 274 716 307 Nam
735 274 928 307 etAmana
950 282 1072 319 popu·
1089 268 1120 286 ⁹⁶
1140 269 1271 306 florida
1303 279 1339 306 et
1367 271 1525 308 honesta
1549 273 1826 310 transferuntur
1846 273 2001 319 cubilia,
2031 284 2068 312 et
2095 277 2131 313 in

88 329 167 365 lum
187 342 325 365 vanum
345 330 402 365 vel
422 328 611 366 turbidum
633 337 741 366 sonat
759 343 766 365 ε
786 329 869 365 idco
890 329 937 365 de
960 333 1074 365 Ama-
1093 334 1122 367 A
1139 328 1269 366 hortos
1290 338 1522 377 aromatum3
1551 331 1597 367 ad
1628 331 1782 379 cubilia,
1814 333 1852 369 in
1885 333 2021 383 quibus
2054 348 2132 372 non

89 400 136 424 na
162 389 311 425 venitut¹
331 389 377 425 ad
399 389 522 435 Sanir,
544 389 589 425 ad
610 389 797 439 hispidum
830 397 868 425 et
895 389 1070 439 pilosum.

87 447 162 486 Ubi
174 449 272 485 enim
285 448 429 495 acedia,
444 448 496 485 ibi
513 457 660 486 tumor:
676 449 739 486 ubi
758 447 938 493 turbatio,
954 446 1006 483 ibi
1021 447 1072 482 nil

88 507 192 554 lene,
223 509 315 545 nihil
336 509 606 558 compositum,
632 509 723 545 nihil
748 507 984 553 ordinatum,
1007 505 1073 543 sed

89 575 209 605 totum
238 568 433 605 horridum
452 577 514 605 :et
535 569 599 618 qui
630 568 709 604 talis
725 575 801 614 est,
830 567 909 603 sine
934 566 1073 602 foedere

88 635 166 674 est,
189 627 268 664 sine
295 627 515 672 affectione,
546 627 682 663 inimici
703 639 831 663 sensus
851 633 886 661 et
902 624 1070 670 alienati,

87 686 164 723 imo
195 686 514 732 anathematizati,
545 686 647 735 quod
674 689 841 722 Hermon
874 684 1069 734 significat.

88 749 170 781 Non
186 745 246 781 hic
262 744 487 781 domesticus
514 745 603 791 Dei,
623 757 699 780 non
723 745 813 781 civis
825 772 834 789 ,
866 757 912 780 ne
927 743 1072 781 advena

86 803 237 853 quidem
258 811 296 840 et
318 804 456 853 hospes
473 818 481 840 :
506 811 662 853 propter
677 803 779 852 quod
801 804 903 839 nulla
922 802 968 840 ad
984 816 1070 840 eum

85 863 222 912 gratia,
239 862 391 899 devotio
412 863 514 899 nulla
537 862 710 899 declinat.
731 865 815 898 Non
844 862 996 899 divertit
1023 861 1069 898 ad

84 922 190 959 illum
205 935 383 972 sponsus,
399 931 440 958 ut
456 923 513 959 vel
530 922 568 958 in
587 922 743 958 transitu
761 921 906 968 visitet,
923 930 960 958 et
975 922 1071 958 sicut

86 982 221 1032 hospes
235 981 281 1018 ad
298 981 622 1019 commorandum,
638 985 930 1019 Commorantur
944 989 1068 1017 autem

1137 396 1192 424 est
1212 388 1399 435 fremitus,
1431 390 1495 426 sed
1527 391 1658 437 fletus;
1679 391 1724 428 ad
1746 391 1902 439 cubilia,
1932 394 1970 430 in
1993 393 2131 444 quibus

1139 448 1380 497 compunctio
1409 457 1464 485 est
1494 450 1635 494 cordis,
1673 464 1749 487 non
1780 465 1906 502 pugna
1933 455 2130 503 cogitatio-

1139 520 1228 543 num
1251 522 1258 544 :
1280 522 1364 544 cum
1385 510 1553 546 aufertur
1581 512 1779 548 maculosae
1808 513 1998 551 varietatis
2026 515 2130 551 vela-

1139 579 1244 611 men,
1280 575 1317 602 et
1351 567 1452 602 nuda
1483 568 1649 605 succedit
1688 570 1923 619 simplicitas,
1960 572 2131 610 moribus

1140 625 1346 661 ministerio
1366 639 1434 662 suo
1456 626 1491 662 in
1513 627 1645 663 melius
1675 632 1936 676 commutati53
1956 635 2130 670 coronari

1137 697 1274 733 sponsa
1305 684 1392 721 satis
1424 693 1510 734 apte
1541 686 1734 735 accipitur.
1767 692 1865 725 Bene
1897 691 2047 739 quidem
2083 692 2128 729 de

1138 742 1274 779 talibus
1293 752 1510 789 coronatur,
1532 758 1616 781 cum
1634 745 1713 793 jam
1733 756 1934 784 vertuntur
1954 750 1991 786 in
2016 765 2130 787 orua-

1138 809 1236 848 tum,
1255 815 1417 851 quorum
1439 811 1546 839 antea
1576 816 1699 840 mores
1730 805 1908 842 horrebat
1930 822 1936 843 :
1959 821 2043 844 cum
2065 824 2130 846 or-

1137 861 1224 898 dine
1241 862 1405 911 quodam
1423 863 1613 900 charitatis
1632 863 1701 901 sibi
1721 866 1911 902 cohaerent
1932 868 1968 903 in
1987 881 2102 906 unum
2118 899 2127 915 ,

1136 920 1201 969 qui
1229 921 1355 958 ferinis
1384 922 1488 971 prius
1517 922 1713 959 affectibus
1747 923 1985 962 dissidebant.
2017 930 2132 965 Grata

1135 980 1247 1029 plane
1267 993 1408 1030 sponso
1425 989 1480 1018 est
1504 981 1581 1017 haec
1600 982 1753 1019 unitatis
1771 983 1996 1022 cohaerentia
2017 1000 2024 1021 :
2047 986 2131 1023 ideo

84 1042 123 1078 in
144 1054 190 1078 eo
216 1041 343 1091 pardi,
370 1042 559 1078 daemones
589 1041 739 1090 quidem
770 1040 864 1077 varii
889 1048 926 1076 et
944 1039 1065 1076 versi-
1087 1042 1114 1075 B
1135 1039 1289 1076 forsitan
1311 1040 1493 1090 sequitur,
1521 1049 1558 1077 et
1578 1042 1814 1079 vulneratum
1833 1057 1871 1080 se
1891 1044 1980 1080 dicit
2000 1051 2037 1082 in
2058 1061 2129 1082 uno

84 1101 219 1150 pelles,
239 1109 276 1138 et
291 1102 418 1138 leones
433 1100 572 1137 cubant
588 1100 651 1136 ibi.
670 1104 753 1137 Non
774 1099 1010 1135 circumeunt
1029 1105 1071 1134 ut

86 1161 336 1207 transvolent,
367 1160 432 1197 sed
461 1160 581 1197 securi
616 1159 830 1210 possident,
864 1167 900 1196 ct
934 1158 1069 1196 cubilia

84 1219 283 1256 collocant.
299 1219 372 1256 Sed
394 1219 458 1268 qui
486 1219 577 1255 tales
597 1227 706 1264 sunt,
736 1217 962 1267 desperandi
989 1230 1065 1254 non

83 1286 183 1314 sunt.
202 1278 348 1315 Etenim
374 1278 480 1314 multi
495 1278 703 1315 istiusmodi
721 1278 759 1314 in
776 1278 904 1327 sponsi
921 1277 1067 1327 praede-

82 1337 269 1374 stinantur
287 1346 475 1374 ornatum.
492 1337 582 1374 Ideo
599 1337 690 1374 dicit
706 1352 713 1374 :
735 1340 847 1383 Veni,
869 1337 1068 1373 coronabe-

81 1401 131 1431 ris
146 1398 192 1432 de
210 1401 328 1445 capite
341 1398 493 1432 Amana
503 1425 514 1441 ,
538 1406 573 1432 et
584 1399 630 1433 cle
650 1402 787 1433 vertice
804 1398 933 1433 Sanir.
956 1399 1047 1432 Veni
1057 1424 1068 1442 7

81 1456 221 1506 inquit,
253 1459 300 1493 cle
326 1456 488 1502 Libano,
517 1461 618 1493 veni.
635 1456 730 1494 Vide
758 1457 787 1493 si
816 1469 892 1493 non
919 1469 1068 1493 morose

80 1516 271 1566 egreditur
290 1516 335 1553 de
355 1515 498 1553 Libano
511 1545 520 1563 ,
543 1529 626 1565 quae
653 1516 760 1553 toties
778 1524 945 1553 vocatur.
962 1519 1068 1552 Mora

83 1584 206 1612 tamen
237 1576 316 1612 haee
347 1589 423 1612 non
443 1584 499 1612 est
527 1576 788 1621 contumaciae,
809 1575 874 1612 sed
903 1576 1066 1612 cautelae.

79 1634 172 1682 Quis
191 1634 290 1670 enim
311 1648 332 1671 a
351 1635 679 1684 contemplationis
697 1634 879 1679 candore,
895 1647 916 1671 a
933 1635 1067 1683 quietis

79 1693 236 1730 internae
258 1701 296 1730 et
320 1693 494 1744 puritatis
510 1706 644 1730 sereno
661 1693 783 1730 libens
800 1693 982 1730 discedit?
998 1693 1065 1731 Cui

79 1764 155 1788 non
177 1752 246 1788 erit
266 1753 484 1798 molestum,
508 1753 567 1789 vel
588 1753 634 1789 ad
660 1761 893 1789 momentum
914 1753 960 1789 de
981 1753 1065 1789 loco

1135 1103 1342 1146 oculorum,
1365 1105 1402 1136 in
1422 1114 1493 1136 emo
1512 1105 1614 1137 crine
1633 1105 1716 1137 colli
1734 1102 1833 1151 ejus,
1855 1104 1994 1141 scilicet
2014 1119 2132 1155 spon-

1135 1173 1196 1196 sae.
1218 1161 1379 1210 Capituli
1400 1159 1512 1209 hujus
1532 1161 1627 1198 ratio
1647 1162 1685 1198 in
1713 1162 1814 1199 aliud
1840 1163 2048 1201 differenda
2077 1174 2132 1202 est

1133 1227 1293 1268 tempus.
1311 1223 1393 1257 Hoc
1408 1228 1532 1257 autem
1549 1221 1586 1257 in
1603 1222 1676 1258 fine
1693 1222 1934 1259 admonuisse
1949 1225 2127 1270 sufficiet,

1132 1278 1162 1314 si
1183 1292 1295 1328 quem
1315 1279 1426 1316 alieni
1445 1293 1535 1316 cura
1559 1281 1750 1329 profectus
1773 1282 1820 1318 ad
1840 1283 1996 1332 gradum
2019 1285 2131 1321 altio-

1133 1351 1212 1374 rem
1229 1338 1421 1384 sollicitat,
1439 1352 1515 1376 non
1533 1339 1746 1385 dissuadeo,
1764 1354 1832 1377 nec
1849 1341 1988 1379 suadeo
2005 1343 2129 1392 plane.

1133 1401 1261 1436 Unum
1282 1406 1406 1435 autem
1426 1399 1571 1443 hortor,
1590 1400 1759 1449 quisquis
1776 1401 1805 1437 is
1825 1415 1883 1447 es,
1902 1403 2078 1439 aemulare
2096 1412 2133 1440 et

1135 1457 1432 1504 cunctationem,
1456 1467 1493 1495 et
1517 1459 1718 1496 candorem
1741 1474 1909 1510 sponsae,
1940 1475 2024 1511 quae
2054 1476 2130 1500 non

1134 1525 1189 1553 est
1213 1525 1390 1554 contenta
1419 1518 1533 1554 semel
1562 1519 1709 1565 vocari,
1732 1531 1799 1555 nec
1821 1520 1931 1569 digna
1952 1522 2102 1571 penitus
2118 1552 2126 1567 ‚

1135 1576 1205 1612 nisi
1225 1575 1271 1612 de
1298 1576 1460 1625 quodam
1483 1590 1588 1626 purae
1616 1586 1652 1614 et
1683 1578 1863 1615 dealbatae
1892 1581 2130 1618 conscientiae

1134 1633 1293 1670 Libano.
1315 1637 1398 1671 Non
1415 1634 1514 1671 enim
1537 1635 1607 1671 nisi
1627 1635 1674 1671 de
1695 1635 1840 1673 Libano
1863 1637 2038 1675 dilectam
2060 1653 2130 1676 vo—

1133 1701 1190 1729 cat
1212 1693 1259 1729 ad
1289 1706 1469 1730 coronam
1499 1694 1667 1732 Christus
1697 1699 1805 1733 Jesus
1837 1711 1998 1748 sponsus
2020 1698 2128 1747 ejus,

1131 1752 1196 1801 qui
1217 1761 1272 1789 est
1298 1756 1399 1790 Deus
1418 1752 1640 1791 benedictus
1667 1755 1704 1791 in
1731 1757 1865 1794 saecula
1885 1758 2126 1797 saeculorum.

79 1810 297 1848 deliciarum
313 1812 512 1848 secedere?
527 1812 697 1849 Forsitan
717 1820 863 1861 sperata
881 1811 919 1848 in
950 1811 1064 1848 disei—
1087 1814 1114 1849 C
1133 1815 1266 1849 Amen.

78 1869 178 1919 pulis
210 1870 313 1907 luera
340 1869 610 1917 blandiuntur,
642 1870 706 1907 sed
740 1871 919 1907 molestus
947 1870 1066 1907 labor.

78 1929 252 1978 Optanda
268 1930 422 1978 quidem
446 1931 547 1966 lucra
561 1958 571 1976 ,
601 1929 665 1966 sed
694 1929 918 1966 metuendus
936 1937 992 1966 est
1012 1930 1068 1965 la—

77 2001 179 2036 psus·
201 1991 379 2038 Suspecta
399 1988 488 2024 mihi
508 1996 595 2025 sunt
615 1988 717 2024 lucra
730 2016 739 2033 ,
759 2001 921 2037 quorum
943 1988 1068 2024 incer-

80 2055 140 2084 tus
155 2056 210 2084 est
224 2057 433 2097 proventus
446 2076 456 2093 ,
479 2047 642 2084 vicinum
671 2048 834 2097 propriae
854 2048 1064 2097 periculum

77 2107 207 2144 salutis
221 2135 231 2153 ,
269 2115 411 2143 certum
453 2107 611 2143 internae
646 2106 838 2143 suavitatis
868 2106 1061 2142 damnum.

78 2165 178 2214 Quid
207 2165 343 2202 mirum
369 2165 399 2201 si
429 2172 599 2201 moretur
619 2164 763 2209 venire,
782 2177 866 2200 cum
887 2172 924 2201 et
941 2163 1062 2200 mole-

77 2232 175 2261 stum
205 2224 253 2260 sit
279 2224 326 2260 de
356 2223 500 2260 Libano
528 2223 736 2268 discedere,
756 2231 793 2259 et
818 2222 1060 2260 metuendum

75 2284 123 2320 sit
139 2283 186 2320 ad
202 2291 349 2320 montes
364 2283 448 2320 illos
463 2282 645 2319 barbaros
666 2290 702 2318 et
716 2281 888 2318 bestiales
905 2281 1061 2319 aceede-

75 2345 141 2380 rei’
156 2346 203 2380 Et
219 2343 372 2380 forsitan
391 2355 539 2393 sponsae
556 2355 680 2388 mora,
700 2341 974 2378 festinationem
990 2355 1063 2379 no-

74 2411 188 2440 stram
213 2402 385 2452 suggillat
401 2410 438 2439 et
460 2402 601 2452 arguit,
620 2401 684 2450 qui
714 2401 824 2437 nimis
845 2400 1012 2450 prompti
1028 2409 1066 2437 et

74 2475 205 2512 parum
223 2461 390 2512 providi,
411 2462 511 2498 vires
531 2468 676 2497 nostras
697 2460 821 2497 minus
837 2468 1038 2510 pensantes
1052 2489 1061 2506 ‚

74 2522 289 2560 festinamus
325 2522 468 2571 ingredi
497 2521 534 2558 in
565 2520 711 2558 labores
741 2520 991 2570 praelationis,
1024 2521 1062 2557 in

1134 1949 1187 1958 mxv-
1194 1949 1500 1959 sxxxzxwvwstumaewnsu
1507 1950 1590 1959 x=w==
1596 1949 1917 1962 ινιινειιςςιιιαιῑιιιιιιι
1923 1953 2018 1964 ινκιιιι
2024 1955 2074 1965 nnus
2083 1956 2104 1964 ιι
2110 1956 2134 1964 ιι

1375 2068 1628 2124 SERMO
1692 2072 1885 2128 XXX.

1132 2214 1309 2244 Vallem-asti
1325 2226 1488 2244 cormeum
1501 2238 1510 2250 ,
1533 2226 1622 2246 soror
1635 2227 1701 2246 mea
1717 2229 1835 2261 sponsa
1849 2243 1857 2255 ,
1878 2219 2057 2252 vulnerasti
2075 2235 2131 2253 cor·

1175 2279 1271 2298 meum
1289 2268 1321 2298 in
1343 2279 1405 2298 uno
1427 2266 1586 2298 oculorum
1605 2275 1725 2300 luorum
1737 2294 1748 2308 ‚
1771 2278 1829 2303 etc.
1853 2273 1973 2306 Cautic.
1993 2285 2060 2317 cap.
2082 2288 2130 2319 xv·

1176 2319 1215 2357 ᾗ.
1235 2325 1265 2353 9.

1529 2399 1658 2414 -οοοο
1664 2402 1741 2411 «ε’--

1186 2523 1216 2559 l.
1234 2525 1266 2559 Ο
1281 2535 1345 2558 cor
1360 2521 1497 2559 durum
1508 2552 1517 2569 ,
1535 2532 1570 2559 et
1585 2524 1681 2561 male
1695 2524 1852 2572 durum,
1867 2526 1905 2563 in
1921 2541 1997 2577 quo
2013 2529 2127 2567 verba

73 2581 366 2619 sollicitudinum
395 2582 602 2628 molestias,
626 2589 663 2618 et
683 2581 875 2618 materiam
904 2581 1030 2630 lapsus
1048 2595 1055 2618 :
1075 2585 1107 2618 D
1124 2581 1192 2617 ista
1209 2582 1368 2618 vulnera
1387 2594 1463 2618 non
1485 2587 1687 2631 generant!
1715 2586 1914 2635 Stupidum
1937 2588 2048 2637 plane
2068 2598 2125 2626 cst

74 2654 143 2678 nec
159 2648 416 2690 exspectantes
434 2642 494 2678 vel
521 2641 634 2678 semel
655 2640 803 2686 vocari,
824 2641 924 2676 ultro
951 2639 1060 2677 nobis

73 2701 142 2751 ipsi
158 2701 342 2738 honorem
360 2701 543 2738 sumimus
559 2728 568 2745 ,
586 2700 824 2737 vocationem
840 2700 897 2736 vel
920 2713 1061 2750 praeve-

73 2761 237 2807 nientes,
266 2761 325 2797 vel
353 2769 432 2797 arte
461 2768 720 2810 procurantes.
738 2762 821 2796 Non
847 2758 960 2796 debet
981 2772 1061 2796 csse

74 2820 165 2857 tanti
192 2820 356 2857 muneris
383 2819 597 2871 improvida
617 2819 863 2869 prafsumptio
877 2847 886 2864 ,
905 2818 969 2855 sed
991 2832 1060 2855 nec

73 2880 244 2930 pertinax
264 2888 396 2917 metus.

125 2941 160 2976 8.
189 2939 360 2989 Denique
387 2938 691 2989 praesumendum
714 2946 771 2975 cst
801 2937 865 2974 ubi
893 2938 1062 2975 Christus

68 2997 196 3048 jubet,
217 2998 281 3036 ubi
303 3003 469 3049 Sponsus
490 3007 617 3045 vocat,
638 3007 675 3035 ct
700 3006 907 3048 proventus
927 2997 1062 3034 uberes

72 3059 283 3108 pollicetur,
315 3059 408 3096 sicut
439 3059 476 3095 in
507 3059 579 3095 hoc
609 3059 692 3095 loeo
728 3073 734 3095 z
774 3062 884 3102 l'cm',
914 3058 1030 3106 iuquit
1051 3086 1060 3103 ,

71 3118 300 3154 coronaberis
320 3120 364 3153 de
384 3123 508 3166 eapite
534 3122 701 3162 Amana,
725 3121 770 3153 {le
792 3122 926 3153 'vertit-1·
953 3120 1064 3152 Samii·

71 3185 106 3212 et
132 3180 308 3220 Ilm-mon,
330 3180 376 3212 (le
402 3177 580 3213 cubilibus
609 3181 774 3220 lemnam,
805 3180 851 3212 (le
879 3176 1061 3211 meantibus

67 3239 280 3283 parslnrmn.
314 3240 404 3274 Cum
441 3237 475 3272 iu
506 3237 682 3285 subjectis
715 3245 880 3273 imitatur
913 3249 1060 3271 morum

72 3294 276 3341 barbaries,
298 3310 381 3333 eum
412 3296 456 3332 de
487 3296 673 3332 cubilibus
694 3305 729 3333 et
755 3295 994 3345 impudicitiis
1016 3295 1060 3331 ad

1127 2654 1205 2686 cor,
1226 2641 1329 2689 quod
1348 2640 1552 2677 verborum
1572 2643 1731 2680 istorum
1748 2646 1925 2682 virtutem
1945 2660 2020 2683 non
2040 2662 2127 2698 pei·-

1127 2701 1258 2747 sentit,
1276 2700 1378 2749 quod
1399 2714 1474 2736 non
1491 2709 1617 2751 stupet
1631 2703 1676 2738 ad
1697 2703 1952 2752 dignationem
1972 2715 2124 2745 tantam.

1126 2760 1225 2808 Quid
1263 2760 1518 2808 dignationem
1559 2761 1671 2797 dico?
1706 2763 1818 2799 etiam
1854 2765 1938 2813 plus
1972 2775 2037 2802 est.
2081 2771 2127 2804 Et

1127 2829 1310 2869 quantum
1344 2828 1459 2865 esset,
1492 2820 1521 2856 si
1549 2821 1607 2856 vel
1642 2821 1807 2870 dignatio
1836 2827 1959 2860 esset?
1992 2828 2127 2875 Magna

1127 2880 1227 2916 enim
1261 2893 1340 2926 res,
1371 2888 1407 2916 ct
1437 2880 1540 2916 omni
1571 2880 1820 2917 admiratione
1853 2882 1983 2931 digna,
2017 2885 2046 2921 si
2066 2887 2125 2922 vel

1127 2939 1302 2987 dignatur
1330 2947 1431 2975 tanta
1452 2937 1625 2986 maJ'cstas
1645 2940 1847 2977 humanam
1870 2942 2124 2981 infirmitatem

1127 2999 1267 3035 sororis
1287 3007 1323 3035 ct
1345 3012 1493 3048 sponsae
1511 2998 1696 3048 impartiri
1716 3000 1914 3038 vocabulo.
1938 3007 2042 3039 Nune
2057 3017 2125 3040 au-

1130 3066 1202 3094 tem
1225 3071 1300 3094 non
1324 3066 1396 3094 tam
1417 3058 1583 3106 dignatio
1607 3067 1662 3096 est
1682 3073 1794 3108 quam
1816 3061 1980 3098 devotio.
2009 3064 2125 3099 Vultis

1128 3126 1251 3153 autem
1275 3117 1401 3153 devoti
1430 3126 1465 3153 et
1491 3119 1668 3167 propensi
1690 3120 1845 3157 affectus
1863 3132 2123 3169 argumentum

1128 3177 1284 3212 andire?
1319 3180 1549 3222 l'ulncrasti,
1586 3179 1725 3227 inquit,
1760 3195 1821 3215 ‹w-
1848 3195 1987 3221 unwan,
2022 3197 2127 3217 ‚wi-‹vi-

1128 3251 1209 3271 mm!
1225 3251 1358 3284 spuma
1370 3265 1378 3276 ,
1402 3241 1604 3272 palm-rasti
1620 3253 1680 3272 (vs
1694 3253 1825 3274 mrum.
1843 3241 1973 3276 (Ioulis
1990 3255 2001 3274 x
2017 3243 2124 3277 ulnus

1131 3296 1400 3332 xelwiuvutiam
1419 3297 1581 3345 designat
1603 3300 1749 3334 amoris:
1769 3305 1798 3333 t)
1820 3315 1902 3335 xvii·
1921 3301 2026 3335 dulc·-
2043 3316 2122 3343 cor,
