2504 3928
312 268 384 300 sill!

1088 265 1360 300 GUlLLrtmn
1394 265 1592 298 :intimis

312 356 415 383 cerv,
450 340 512 388 qui
540 348 611 374 tani
651 339 684 372 in
719 337 919 382 docendis,
953 352 1064 387 quam
1097 341 1131 374 in
1161 353 1206 373 co
1238 339 1344 387 (μιίἨ

2288 267 2308 299 Γ)
2316 266 2364 300 '20

1355 339 1467 374 'ricm
1503 339 1745 383 inclinantes,
1779 339 1883 386 quasi
1921 351 1986 387 pcr
2024 339 2266 376 succedentes
2295 339 2363 375 sibi

315 400 497 442 docebat,
531 399 608 433 sine
644 398 779 446 quoris
820 398 973 433 rationis
1010 406 1306 447 temperamento
1327 403 1351 435 Α
1375 407 1500 433 :etates
1528 398 1766 446 profectuum
1799 395 1882 444 ejus
1905 410 2119 445 processum
2152 398 2364 442 ordiamur,

315 457 472 493 naturali
495 455 658 504 quodam
681 455 763 501 igne
785 454 963 491 :estuabat
984 470 990 491 :
1014 456 1078 492 scd
1098 458 1304 493 naturalem

313 516 392 562 rjus
427 515 498 550 xiin
530 513 819 562 indisciplinatis
844 514 1070 563 quibusdam
1101 505 1310 565 disciplinis

311 575 347 610 in
379 572 580 622 quamdam
609 571 803 608 erudiebat
828 573 1039 618 lasciviam,
1064 582 1098 609 ct
1127 587 1309 624 superva—

313 634 391 669 cuis
416 631 642 681 quibusdam
667 631 841 667 fomentis
869 633 1027 669 luxuria:
1049 633 1085 669 in
1110 634 1310 682 ‹piamdatn

314 691 539 741 perurgebat
560 691 753 727 insaniam.
781 695 820 728 In
845 692 916 728 illis
931 693 1031 729 enim
1055 693 1178 742 pravis
1195 702 1230 729 ct
1252 707 1313 729 ne-

313 765 426 800 quam
449 750 665 787 bominibus
693 765 737 786 ex
766 752 1013 800 superllucnti
1038 753 1196 789 carnalis
1218 766 1311 788 con-

313 811 554 860 cupiscentia‘
569 811 662 846 vitio
676 839 684 855 ‚
702 818 802 846 totus
817 811 1025 860 deperierat
1042 812 1136 848 ordo
1159 821 1311 849 natura.

313 871 464 920 Quippe
502 883 586 906 eum
625 869 753 905 debito
795 879 937 906 naturae
971 870 1126 916 ordine,
1160 871 1312 920 spiritus

314 944 446 967 eorum
464 929 623 966 naturali
642 929 811 978 pondere
828 943 915 974 suo,
935 943 1062 966 amore
1079 944 1147 966 suo
1165 944 1310 967 sursum

312 991 399 1026 ferri
425 989 577 1026 debcrct
605 988 650 1024 ad
679 992 796 1024 Dcuin
817 989 879 1038 qui
902 989 1038 1025 creavit
1063 1004 1170 1035 cum3
1193 991 1314 1026 carnis

313 1049 527 1086 humiliatus
560 1047 763 1091 illecebris,
797 1061 871 1083 non
909 1048 1110 1093 intellexit,
1143 1057 1179 1084 et
1207 1063 1313 1085 com-

1377 469 1492 503 usqiw
1513 455 1557 490 ad
1579 463 1765 491 senectam
1784 454 1936 491 uberem
1953 483 1962 499 ‚
1985 469 2068 504 quae
2088 470 2162 492 non
2183 465 2237 492 est
2255 457 2365 506 plena

1376 515 1502 550 senilis
1523 514 1666 550 doloris
1682 543 1690 559 ,
1712 514 1775 549 scd
1808 514 1916 563 plena
1939 515 2202 552 misericordiae
2227 515 2364 552 uberis.

1377 574 1477 610 Sicut
1501 573 1599 609 cuim
1621 573 1824 609 secundum
1844 582 1993 610 a¹tatum
2016 575 2286 611 incrementum
2309 576 2364 612 vel

1378 633 1659 668 ‹li-crementum
1683 645 1778 681 pucr
1798 640 1964 669 mutatur
1983 633 2018 669 in
2039 633 2237 681 juvenem,
2255 633 2366 682 juve-

1379 693 1435 728 nis
1454 693 1488 727 in
1513 692 1632 728 virum
1647 721 1655 735 ‚
1678 692 1734 727 vir
1757 692 1792 727 in
1814 704 1962 738 senc1n3
1983 693 2188 729 secundum
2209 694 2366 742 qualita-

1380 761 1456 788 tum
1482 752 1726 796 mutationes,
1748 752 1858 787 ctiam
1879 760 2027 788 :etatum
2051 753 2202 788 nomina
2224 761 2367 788 mutan-

1381 820 1456 847 tes:
1477 812 1527 846 sic
1548 811 1753 847 secuudum
1770 811 1949 847 virtutum
1968 811 2177 860 profectum
2197 812 2368 847 voluntas

1379 871 1511 906 crescit
1526 871 1560 906 in
1579 884 1764 915 amorem,
1782 884 1888 906 amor
1901 871 1936 906 in
1953 870 2169 907 eliaritatcm
2183 900 2191 916 ,
2209 871 2368 908 ebaritas

1380 930 1414 965 in
1441 930 1675 978 sapientiam.
1698 933 1772 966 Nec
1800 929 1913 965 debet
1943 930 2056 965 latere
2084 929 2129 965 de
2155 943 2300 976 amore,
2321 930 2367 967 de

1377 1003 1453 1038 quo
1469 989 1610 1037 agimus
1623 1018 1631 1033 ,
1652 989 1789 1038 quibus
1806 998 1911 1025 ortus
1929 989 1975 1025 sit
1991 988 2192 1034 natalibus,
2212 1003 2284 1039 qua
2303 1003 2368 1025 no-

1380 1047 1530 1083 bilitatis
1553 1048 1648 1084 linea
1670 1048 1823 1097 insignis
1844 1047 2045 1094 habeatur,
2067 1049 2123 1084 vel
2145 1062 2221 1097 quo
2238 1048 2368 1084 oriun-

310 1117 464 1159 paratns
481 1107 663 1156 jumentis
687 1106 950 1156 insipientibus
970 1108 1098 1143 similis
1121 1108 1236 1144 sactus
1254 1117 1308 1144 est
1330 1112 1356 1144 B
1376 1107 1446 1143 dus
1468 1107 1566 1144 loco.
1601 1108 1764 1144 Primum
1787 1107 1900 1156 igitur
1927 1107 2008 1156 ejus
2032 1108 2236 1144 nativitatis
2264 1109 2368 1144 loeus

311 1169 382 1204 illis
400 1175 406 1188 ¹
424 1196 432 1210 ‚
461 1167 621 1215 factique
643 1176 729 1202 sunt
761 1166 806 1202 de
827 1166 964 1216 quibus
993 1167 1201 1213 diceretur,
1228 1170 1307 1204 Nun

309 1226 546 1275 permanehit
579 1230 731 1274 spiritns
766 1240 865 1261 metm
899 1231 936 1261 in
971 1226 1178 1262 lmminilms
1211 1232 1305 1271 istis,

312 1292 399 1334 quia
424 1299 508 1320 carn
535 1290 672 1320 uuest:
696 1284 731 1319 in
758 1298 919 1333 quorum
947 1298 1128 1334 persona,
1152 1288 1308 1321 Factum

310 1355 381 1389 est,
404 1345 523 1394 inquit
537 1373 546 1389 ,
569 1357 630 1378 cor
649 1358 766 1378 nec-um
797 1353 976 1391 tanquam
998 1358 1081 1379 cera
1105 1347 1311 1392 liquescens

313 1412 351 1440 iu
377 1407 494 1440 medio
523 1413 660 1439 velllms
681 1407 752 1437 mei
768 1402 793 1437 ³.
820 1407 860 1439 ln
883 1411 1038 1451 angusta
1060 1402 1201 1451 quippe
1221 1416 1308 1438 cor-

313 1464 416 1513 poris
445 1471 551 1511 parte
575 1475 640 1497 cor
670 1462 831 1497 locatum
855 1461 944 1511 (ubi
972 1461 1079 1510 quasi
1113 1461 1279 1496 medium
1296 1489 1305 1505 ,

310 1523 549 1572 superiorum
577 1534 754 1556 sensuum
776 1534 925 1566 arcem,
953 1528 990 1556 et
1017 1521 1188 1569 eorporis
1208 1520 1307 1555 inse-

313 1582 443 1626 rioris,
472 1581 565 1617 sieut
594 1580 727 1629 populi
751 1579 964 1616 humilioris
985 1579 1090 1628 quasi
1111 1579 1311 1628 quamdam

313 1649 460 1690 regeret
480 1648 518 1676 et
538 1639 773 1688 dispensaret
801 1637 1096 1689 rempublicam,
1119 1646 1312 1687 totamque

312 1701 608 1748 circumquaque
639 1698 872 1748 cogitatuum
905 1706 941 1733 et
969 1698 1160 1734 actionum
1187 1698 1310 1746 regio—

313 1758 420 1807 nem)
450 1757 496 1794 ad
520 1757 840 1805 concupiscentiae
863 1757 1021 1793 carnalis
1050 1757 1172 1805 ignem
1199 1756 1310 1805 dege-

314 1830 402 1855 nere
416 1817 577 1867 quadam
596 1816 752 1852 mollitie
769 1816 980 1865 liquescens
992 1845 1000 1861 ‚
1017 1825 1136 1853 totum
1153 1816 1311 1852 defluxit

1376 1170 1476 1203 Deus
1500 1174 1567 1202 cst.
1592 1165 1647 1202 lbi
1676 1175 1805 1209 natus,
1830 1166 1880 1202 ibi
1909 1167 2040 1211 alitus,
2065 1166 2116 1202 ibi
2140 1175 2368 1216 provectus3

1375 1225 1425 1262 ibi
1445 1226 1536 1262 civis
1555 1234 1630 1271 est,
1654 1239 1730 1262 non
1751 1226 1917 1272 advena,
1940 1226 2003 1262 sed
2025 1226 2212 1275 indigena.
2233 1231 2263 1263 Α
2286 1229 2366 1262 Deo

1376 1286 1473 1321 enim
1489 1286 1570 1321 solo
1585 1298 1692 1321 amor
1706 1285 1829 1330 datur,
1848 1285 1932 1321 etin
1950 1285 2034 1334 ipso
2049 1293 2266 1334 permanet,
2282 1285 2368 1334 quia

1377 1345 1471 1379 nulli
1493 1345 1561 1380 nisi
1585 1344 1655 1393 ipsi
1678 1352 1714 1379 et
1734 1352 1894 1393 propter
1915 1344 2037 1392 ipsum
2059 1342 2229 1379 debetur.
2254 1346 2369 1379 Porro

1376 1403 1405 1439 si
1432 1402 1478 1438 de
1500 1402 1686 1438 natalibus
1707 1402 1787 1451 ejus
1814 1403 1956 1451 agitur;
1985 1416 2069 1439 cum
2089 1403 2250 1439 Trinitas
2269 1407 2370 1439 Deus

1376 1461 1568 1497 bominem
1586 1470 1729 1497 crearet
1747 1461 1792 1497 ad
1809 1462 2005 1511 imaginem
2025 1475 2148 1508 suam,
2167 1461 2368 1511 quamdam

1380 1519 1416 1555 in
1441 1532 1486 1555 eo
1508 1520 1682 1556 formavit
1701 1521 1894 1557 Trinitatis
1914 1521 2218 1566 similitudinem,
2240 1521 2277 1556 in
2297 1534 2370 1569 qua

1379 1586 1416 1613 ct
1437 1577 1560 1627 imago
1581 1578 1773 1614 Trinitatis
1803 1579 1991 1615 creatricis
2022 1579 2226 1624 reluceret3
2248 1587 2285 1614 et
2304 1591 2372 1628 per

1379 1651 1491 1686 quam
1516 1651 1636 1673 novus
1658 1638 1718 1673 ille
1742 1637 1873 1675 mundi
1892 1637 2034 1683 incola,
2057 1638 2167 1675 simili
2191 1638 2371 1674 naturali-

1379 1705 1435 1732 ter
1456 1696 1502 1732 ad
1529 1696 1649 1732 simile
1674 1705 1912 1743 recurrente,
1933 1697 2121 1746 principio
2144 1709 2234 1742 suo,
2264 1709 2370 1733 crea-

1378 1756 1446 1792 tori
1469 1768 1537 1792 suo
1555 1755 1864 1793 indissolubiliter
1887 1756 2107 1803 inhaereret,
2125 1757 2154 1793 si
2174 1756 2304 1802 vellet3
2325 1769 2371 1792 ne

1376 1816 1574 1865 multiplici
1591 1824 1848 1852 creaturarum
1866 1817 2046 1853 varietate
2066 1816 2185 1852 illecta
2199 1844 2209 1861 ‚
2231 1815 2372 1852 abstra-

313 1879 348 1914 in
370 1886 560 1922 ventrem,
578 1876 664 1912 etin
683 1875 846 1912 medium
865 1876 1025 1922 ventri53
1042 1876 1217 1912 videlicet
1234 1889 1309 1912 non
1329 1880 1355 1915 C
1376 1884 1408 1912 ta
1423 1905 1431 1921 ,
1453 1875 1646 1921 distracta,
1669 1885 1792 1912 creata
1810 1877 1871 1912 illa
1893 1877 2037 1913 trinitas
2055 1877 2213 1912 inferior
2233 1889 2252 1911 a
2273 1888 2370 1912 sum-

311 1939 459 1988 sapiens
489 1936 558 1973 nisi
579 1950 620 1972 ea
642 1949 725 1984 qnae
752 1936 895 1972 ventris
917 1945 1023 1981 sunt,
1044 1944 1082 1972 et
1104 1935 1150 1971 de
1172 1945 1306 1972 ventre

311 1997 347 2032 in
372 1995 511 2032 ventris
531 1995 733 2040 inferiora,
754 1995 880 2030 onmia
902 1994 1159 2039 confundens,
1182 1995 1307 2030 omnia

312 2056 560 2105 degenerans,
579 2054 706 2090 onmia
726 2053 941 2091 adulterans
955 2082 965 2098 ,
988 2054 1126 2090 amoris
1153 2062 1308 2090 natura-

314 2115 386 2150 lem
415 2114 589 2149 asl'ectum
622 2121 841 2162 pervertens
870 2113 906 2148 in
930 2112 1083 2149 brutum
1106 2112 1308 2162 quemdam

314 2174 436 2211 carnis
466 2172 676 2222 appetitum
708 2187 715 2207 :
751 2184 827 2207 non
860 2172 981 2207 solum
1006 2185 1090 2221 quae
1120 2184 1197 2208 non
1225 2171 1312 2207 licet

314 2240 554 2282 appetentem
582 2244 666 2267 cum
695 2231 933 2267 contumeliis
954 2231 1126 2279 corporis
1155 2231 1192 2266 in
1223 2242 1310 2279 pas-

314 2291 483 2329 sionibus
503 2290 718 2338 ignominiae
732 2318 741 2334 ,
762 2289 825 2325 scd
847 2289 941 2325 adeo
966 2289 1124 2325 oblitum
1148 2302 1222 2325 suae
1241 2302 1310 2324 an-

316 2352 428 2400 tiquae
456 2349 740 2399 generositatis,
776 2357 816 2384 ut
848 2349 911 2397 qui
943 2357 1090 2384 creatus
1120 2356 1202 2384 erat
1233 2351 1311 2383 Deo

316 2412 407 2456 soli,
429 2424 449 2446 a
471 2409 659 2458 corruptis
680 2417 717 2444 et
737 2407 1025 2458 corruptoribus
1054 2408 1129 2444 suis
1150 2408 1311 2443 aestime-

317 2480 377 2507 tur
397 2482 476 2505 esse
497 2469 623 2518 potius
646 2468 802 2503 luxuriae
826 2467 995 2503 naturale
1019 2466 1247 2502 domicilium
1276 2474 1313 2502 et

316 2531 494 2566 vitiorum
521 2528 690 2564 omnium
724 2526 992 2576 prostibulum.
1025 2526 1220 2571 Infelices,
1248 2526 1311 2574 qui

316 2591 352 2626 in
376 2597 518 2625 tantum
541 2595 672 2623 natura
694 2586 919 2622 reclamante
942 2585 1010 2621 sibi
1034 2585 1247 2627 viluerunt,
1272 2593 1312 2620 ut

1372 1948 1431 1971 ma
1449 1943 1485 1971 et
1504 1935 1691 1971 creatricis
1706 1935 1897 1972 Trinitatis
1916 1935 2060 1972 unitate
2077 1934 2282 1972 recederet.
2304 1936 2371 1970 Et-

1372 1994 1473 2030 enim
1503 2007 1588 2030 cum
1618 1994 1654 2029 in
1684 1993 1813 2030 faciem
1841 1995 1928 2030 novi
1955 1993 2117 2030 hominis
2142 1992 2371 2043 spiraculum

1374 2053 1479 2096 vitae,
1510 2053 1741 2103 spiritualem
1775 2053 1873 2098 vim,
1908 2053 1944 2089 id
1972 2061 2027 2089 est
2055 2052 2373 2097 intellectualem,

1376 2112 1479 2161 quod
1501 2120 1610 2149 sonat
1629 2112 1784 2162 spiratio
1808 2121 1845 2148 et
1865 2112 2119 2162 spiraculum3
2141 2120 2177 2147 et
2195 2110 2370 2155 vitalem,

1377 2172 1414 2208 id
1436 2180 1490 2208 est
1506 2172 1705 2207 animalem
1722 2201 1731 2217 ‚
1751 2172 1854 2221 quod
1875 2180 1983 2208 sonat
2001 2183 2137 2208 nomen
2154 2171 2261 2216 vitae,
2279 2170 2375 2206 infu-

1377 2232 1454 2277 dit,
1469 2240 1505 2268 et
1522 2232 1759 2268 infundendo
1774 2232 1931 2277 creavit3
1948 2232 1984 2268 in
2000 2231 2080 2280 ejus
2093 2231 2197 2280 quasi
2211 2229 2372 2280 quadam

1377 2304 1460 2327 arce
1480 2291 1556 2326 vim
1589 2291 1844 2327 memorialem
1875 2291 2096 2335 collocavit,
2119 2298 2159 2326 ut
2187 2289 2374 2327 Creatoris

1377 2363 1526 2398 semper
1558 2350 1765 2399 potentiam
1801 2359 1837 2386 et
1871 2349 2080 2386 bonitatem
2112 2357 2337 2385 memoraret
2364 2363 2371 2384 :

1378 2410 1578 2458 statimque
1600 2417 1636 2445 et
1657 2410 1737 2445 sine
1763 2409 1890 2458 aliquo
1913 2422 2028 2445 morae
2051 2408 2275 2454 interstitio,
2297 2421 2374 2443 me-

1378 2469 1496 2505 moria
1524 2468 1570 2504 de
1603 2481 1641 2504 se
1666 2469 1795 2516 genuit
1823 2469 2006 2504 rationem
2034 2482 2042 2504 :
2069 2476 2105 2504 et
2130 2467 2309 2503 memoria
2337 2474 2373 2502 et

1379 2528 1473 2564 ratio
1499 2528 1545 2564 de
1574 2541 1611 2563 se
1642 2528 1882 2576 protulerunt
1913 2527 2158 2563 voluntatem.
2188 2526 2368 2562 Memoria

1377 2588 1519 2637 quippe
1545 2586 1657 2623 babet
1683 2595 1719 2622 et
1746 2587 1915 2622 continet
1939 2600 2015 2635 quo
2043 2585 2272 2622 tendendum
2298 2585 2367 2631 sit;

316 2650 449 2685 animae
469 2660 544 2683 sure
576 2647 718 2690 locum,
752 2645 816 2694 qui
840 2645 1016 2695 proprius
1042 2644 1106 2679 nei
1128 2643 1306 2679 creatoris
1324 2655 1355 2688 1)
1378 2647 1472 2683 ratio
1486 2676 1494 2691 ‚
1514 2645 1615 2695 quod
1637 2645 1864 2681 tendendum
1881 2646 1948 2691 sit;
1969 2646 2145 2682 voluntas
2166 2643 2287 2680 tendit
2305 2658 2312 2679 :
2333 2651 2369 2680 et

316 2717 393 2744 erat
411 2737 419 2753 ,
441 2715 477 2743 et
499 2706 589 2742 nulli
610 2713 790 2741 creaturae
812 2703 1160 2747 communicabilis,
1184 2703 1309 2739 scdcin

317 2776 473 2810 satarum,
496 2764 620 2801 sedem
642 2765 926 2814 spurcitiarum,
947 2772 983 2799 ct
1003 2763 1126 2799 onmis
1148 2763 1310 2799 immun-

320 2827 418 2861 ditia·
439 2824 717 2859 constituerint.

685 2926 858 2963 CAPUT
890 2926 940 2962 ll.

553 3031 596 3058 lt«⁴
621 3034 690 3057 ortu
712 3033 738 3056 et
767 3038 927 3067 progressu
952 3026 1073 3056 amoris.

373 3130 406 3162 3.
429 3125 554 3162 ‘tctnri
574 3124 686 3172 igitur
703 3124 748 3160 de
765 3137 891 3159 amore
904 3153 914 3168 ‚
936 3131 1047 3172 prout
1066 3121 1211 3157 dederit
1229 3122 1306 3171 ipse

319 3185 425 3232 cujus
454 3184 572 3220 amori
599 3183 724 3231 operis
747 3183 861 3231 ipsius
884 3181 993 3218 sudat
1013 3181 1194 3224 intentio,
1227 3181 1306 3229 pri-

321 3259 421 3280 mum
443 3244 547 3292 quasi
578 3258 596 3278 a
620 3243 835 3292 primordiis
859 3242 976 3291 ipsius
997 3241 1222 3277 narrationis
1249 3254 1306 3276 sc-

371 3379 375 3390 ¹
397 3371 473 3400 l'==l.
498 3382 613 3402 xlxiii.
636 3374 671 3400 13
689 3394 696 3405 ,
718 3374 770 3399 21.
793 3389 832 3392 μ’·
856 3372 961 3397 'tit-n,
985 3372 1078 3403 x1‚.'l.

1379 2705 1456 2741 brec
1479 2705 1548 2741 tria
1575 2718 1691 2740 unum
1714 2704 1892 2753 quiddam
1915 2713 2023 2749 sunt,
2052 2704 2115 2741 sed
2139 2712 2212 2739 tres
2239 2703 2368 2740 effica-

1378 2765 1461 2810 ciae3
1481 2765 1575 2801 sicut
1596 2764 1631 2799 in
1655 2764 1715 2800 illa
1735 2777 1879 2800 summa
1907 2764 2088 2800 Trinitate
2109 2775 2182 2799 una
2202 2770 2257 2798 est
2276 2760 2367 2798 sub-

1377 2824 1529 2869 stantia,
1557 2832 1631 2859 tres
1655 2836 1826 2872 personae
1856 2838 1862 2859 :
1892 2824 1927 2859 in
1957 2836 2030 2872 qna
2059 2821 2240 2858 Trinitate
2273 2820 2368 2857 sicut

1379 2887 1484 2919 Pater
1501 2892 1553 2918 est
1575 2882 1741 2931 genitor,
1764 2883 1876 2919 Filius
1897 2882 2062 2931 genitus,
2083 2889 2120 2917 et
2139 2879 2185 2916 ab
2207 2887 2368 2927 utroque

1376 2943 1534 2992 Spiritus
1551 2950 1718 2987 sanctus,
1741 2942 1792 2977 sic
1815 2955 1860 2978 ex
1880 2941 2061 2977 memoria
2079 2940 2173 2976 ratio
2190 2939 2367 2988 gignitur,

1375 3015 1420 3038 ex·
1452 3001 1631 3037 memoria
1659 3009 1695 3036 et
1728 3001 1872 3036 ratione
1900 3001 2075 3036 voluntas
2103 2995 2284 3047 procedit.
2317 2998 2368 3033 Ut

1375 3074 1465 3110 crgo
1486 3064 1564 3097 Deo
1585 3060 1783 3096 inbre-reret
1803 3068 1926 3096 creata
1945 3060 1980 3095 in
2000 3058 2152 3094 bomine
2176 3055 2366 3092 rationalis

1373 3121 1495 3157 anima
1508 3148 1516 3164 ,
1536 3118 1752 3155 memoriam
1770 3117 1838 3154 sibi
1855 3118 2018 3153 vindieat
2034 3120 2161 3160 Pater;
2183 3115 2365 3151 rationem

1375 3181 1507 3224 Filius,
1529 3179 1760 3215 voluntatem
1783 3176 1828 3212 ab
1851 3184 2009 3224 utraque
2029 3174 2297 3224 procedentem
2319 3172 2365 3209 ab

1375 3248 1535 3287 utroque
1557 3237 1766 3286 procedens
1787 3235 1949 3284 Spiritus
1971 3242 2134 3270 sanctus.

1154 3366 1257 3396 3l‘sal.
1275 3378 1343 3399 xxi.
1366 3370 1416 3395 ts».
