2418 3949
85 279 133 316 85
797 280 847 313 IN
876 278 1104 323 CANTfflA,
1135 280 1298 315 SERMO
1326 281 1430 315 XIII.
2091 281 2140 317 86

83 355 205 405 prima
239 354 408 404 pulchrae
436 354 764 404 contemplationis
794 353 1072 399 blandimenta,
1092 353 1124 372 ⁵³
1141 354 1280 391 dictum
1313 364 1390 401 est,
1418 355 1520 404 quod
1553 360 1828 392 atizantissimus
1860 358 2014 392 Domini
2045 360 2143 392 inter

83 423 122 451 et
144 414 190 451 ad
215 414 351 464 quietis
374 412 633 464 provocabant
660 414 873 451 cubiculum
887 443 897 460 ,
914 427 990 463 quo
1014 413 1071 450 di-
1091 414 1119 447 A
1137 414 1306 449 humeros
1325 419 1533 462 requiescet.
1555 415 1755 465 Requievit
1770 415 1923 465 quidem
1942 424 1979 451 et
1996 415 2137 452 obdor-

83 474 220 511 lectum
248 473 548 510 introducturam
580 487 619 511 se
646 474 729 510 laeta
752 474 970 523 gratulatur.
994 475 1079 509 Non

84 536 268 570 dimittam
286 536 389 570 illum
416 536 531 569 donec
554 536 799 570 introducam.
822 537 880 570 An
906 545 983 568 non
1011 531 1079 568 tibi

84 592 237 629 videtur
256 593 362 642 quasi
377 592 499 629 dicere
517 593 575 630 his
594 591 720 629 verbis
733 591 827 628 illud
843 591 889 627 de
903 590 1051 627 Psalmo
1068 603 1076 625 z

84 652 126 688 Sc·
154 654 289 688 dedero
319 666 484 689 somnum
513 655 629 688 oculis
661 656 773 696 meis,
818 660 854 687 et
887 650 1080 699 palpebris

84 716 172 748 meis
208 714 526 756 dormitationem,
573 714 689 747 donec
729 714 914 746 inveniam
960 712 1077 746 locum

84 774 242 808 Domino
261 773 301 808 ¹?
318 771 454 809 Omnia
470 771 644 818 dimitto,
672 784 720 808 ne
748 771 931 807 dimittam
956 771 1076 808 illum.

83 830 218 868 Omnia
236 831 504 868 detrimentum
526 830 620 867 facio
635 858 645 876 ,
674 839 717 867 ut
743 831 932 868 Christum
963 830 1078 867 lucri-

83 889 235 936 faciam,
252 898 409 939 propter
432 889 776 939 supereminentem
798 890 962 926 laetitiam
980 903 1079 940 prae-

82 948 210 985 sentiae
225 947 321 998 ejus.
348 950 388 985 Si
406 950 627 985 dormierint
643 951 715 984 duo
727 976 738 993 ‚
750 947 973 995 fovebuntur
996 963 1079 985 mu-

82 1015 143 1044 tuo
162 1021 174 1042 .·
192 1021 284 1044 unus
313 1009 497 1056 quomodo
516 1009 710 1055 calefiev?
737 1008 979 1046 Ecclesiastes
1007 1009 1080 1045 hoc

81 1066 185 1104 dicit.
212 1070 360 1104 Bonum
385 1075 441 1104 est
462 1067 582 1105 foveri
610 1076 647 1104 et
673 1068 899 1105 inflammari
925 1068 964 1104 in
993 1081 1077 1105 am-

80 1126 197 1176 plexu
227 1125 336 1163 verbi
364 1126 545 1177 (ignitum
575 1127 674 1164 enim
703 1127 896 1176 eloquium
924 1127 1079 1164 Domini

80 1185 368 1237 vehementer),
399 1195 437 1223 et
460 1186 719 1237 spiritualibus
747 1195 905 1224 aestuare
935 1187 1079 1224 deside-

81 1245 148 1282 riis
175 1260 183 1282 :
210 1245 297 1283 ideo
323 1259 400 1282 non
428 1245 526 1283 dabo
556 1259 731 1283 somnum
757 1246 875 1283 oculis
900 1246 1014 1291 meis,
1042 1255 1079 1283 et

81 1305 274 1355 palpebris
289 1306 382 1343 meis
401 1306 706 1343 dormitationem
720 1335 729 1353 ,
755 1306 876 1343 donec
902 1306 1079 1343 introdu-

81 1378 163 1402 cam
181 1365 286 1402 illum
303 1365 341 1402 in
358 1364 572 1403 cubiculum
586 1366 716 1403 matris
735 1379 839 1402 meae.
858 1369 962 1403 Tunc
978 1366 1080 1415 quie-

81 1437 202 1469 scam,
229 1433 267 1462 et
291 1425 416 1462 suavis
438 1425 510 1461 erit
535 1439 688 1462 somnus
704 1438 823 1462 meus.
843 1425 957 1474 Quasi
986 1425 1078 1462 dor-

81 1484 188 1521 mivit
204 1488 369 1522 Joannes
386 1484 608 1522 recumbens
632 1486 670 1522 in
697 1493 850 1535 pectore
872 1489 983 1530 Jesu,
1012 1484 1078 1522 ubi

81 1543 265 1581 reconditi
294 1552 383 1581 sunt
425 1557 557 1582 omnes
603 1544 765 1580 thesauri
808 1544 1000 1593 sapientiae
1043 1553 1080 1581 et

81 1603 245 1640 scientiae
259 1604 342 1640 Dei.
354 1603 411 1640 Ibi
425 1617 522 1641 verae
537 1604 675 1653 quietis
691 1604 806 1648 locus,
821 1604 1077 1652 intelligentiae

81 1674 277 1707 serenum,
323 1664 576 1700 sanctuarium
617 1663 788 1712 pietatis,
821 1663 1078 1700 delectationis

81 1719 308 1758 cubiculum.
324 1722 394 1759 Hic
407 1722 529 1759 dormi
543 1751 552 1767 ‚
574 1730 616 1758 ut
632 1722 760 1758 videas
787 1722 889 1770 quod
911 1722 993 1771 ipse
1018 1722 1078 1759 vi-

81 1780 158 1826 dit,
173 1780 339 1818 Verbum
356 1781 394 1818 in
411 1781 598 1831 principio
611 1810 620 1828 ,
640 1780 805 1818 Verbum
824 1781 926 1830 apud
941 1784 1076 1826 Deum,

81 1848 120 1877 et
153 1839 320 1877 Verbum
354 1839 531 1887 Deum³3
565 1849 602 1877 ct
636 1841 822 1890 intelligas
852 1841 890 1877 in
930 1841 1079 1879 Christo

78 1912 164 1936 cum
201 1903 309 1937 Patre
343 1900 529 1937 existendi
555 1901 865 1946 coaeternitatem,
892 1914 1076 1950 persona·
1100 1897 1128 1933 C

78 1959 152 1997 lem
184 1959 461 2004 diversitatem,
501 1968 538 1996 et
571 1959 751 1996 unitatem
780 1959 1078 1997 consubstantia-

78 2019 166 2056 lem.
185 2019 283 2067 Quid
304 2019 373 2056 tibi
388 2019 538 2056 videtur
562 2020 720 2056 similius
747 2021 903 2056 somno?
930 2023 1012 2056 Huc
1039 2033 1078 2057 se

80 2091 159 2114 non
175 2087 336 2128 possunt
349 2078 504 2116 humani
515 2077 656 2127 jactare
669 2078 824 2114 intuitus
838 2106 847 2122 ‚
866 2078 1079 2128 irrumpere

80 2138 188 2174 ratio.
210 2138 383 2187 Denique
401 2151 477 2174 non
492 2137 637 2174 videbit
656 2138 734 2174 haec
759 2138 893 2182 homo,
910 2146 947 2174 et
960 2139 1075 2175 vivet.

78 2200 224 2234 Bonum
251 2205 308 2234 est
330 2210 418 2246 ergo
440 2205 474 2234 te
499 2196 736 2243 obdormire,
767 2205 804 2233 et
826 2197 1077 2234 humanorum

77 2268 257 2293 sensuum
283 2264 321 2292 et
345 2257 550 2293 affectuum
571 2256 764 2293 oblivione
781 2256 916 2306 sopiri,
941 2264 983 2292 ut
1000 2257 1077 2293 hu-

72 2314 242 2364 jusmodi
261 2316 407 2353 somnia
426 2316 613 2352 somniare
638 2317 771 2366 possis.
802 2319 886 2352 Hoc
911 2319 1079 2365 Aposto-

78 2375 202 2411 lorum
235 2374 450 2412 cubiculum
483 2383 560 2420 est,
598 2375 663 2424 qui
692 2388 760 2412 nos
790 2383 1004 2425 genuerunt
1039 2375 1078 2412 in

78 2433 240 2471 Christo.
277 2433 393 2482 Quasi
423 2441 542 2470 mater
565 2441 621 2470 est
651 2434 806 2480 Paulus,
838 2447 922 2471 cum
951 2434 1040 2470 dicit
1069 2448 1076 2470 :

78 2495 203 2528 Filioli
221 2497 294 2528 mei
304 2520 315 2537 ‚
339 2506 430 2541 quos
451 2497 578 2529 iterum
595 2497 788 2541 parturio,
810 2493 1080 2540 clonecsorme—

79 2561 140 2587 tur
169 2553 331 2589 Christus
360 2557 398 2588 in
429 2552 533 2588 vobis
550 2553 577 2589 ⁴.
598 2556 755 2590 Matrem
774 2553 889 2590 habes
909 2569 916 2591 :
938 2554 992 2591 vis
1018 2555 1080 2591 ha-

78 2609 169 2647 bere
188 2609 431 2648 cubiculum?
454 2613 609 2658 Nostra,
630 2612 772 2661 inquit,
793 2618 1018 2649 conversatio
1038 2618 1076 2650 in

1145 472 1250 508 mivit
1269 476 1376 509 Jesus
1397 473 1433 509 in
1454 487 1584 519 cruce,
1607 483 1648 511 ut
1669 483 1706 511 et
1725 483 1764 511 tu
1783 488 1867 511 cum
1888 475 1970 524 ipso
1989 475 2026 511 in
2050 488 2139 525 pas—

1143 532 1259 568 sionis
1279 531 1359 581 ejus
1378 533 1450 569 fide
1465 542 1502 570 et
1522 535 1702 571 memoria
1723 534 1886 571 dormias
1905 548 1913 570 :
1934 535 1992 571 vel
2013 536 2139 584 potius

1144 590 1244 627 inter
1259 591 1347 628 istas
1364 601 1483 629 sortes
1502 593 1669 630 discurre
1688 595 1785 630 inter
1801 603 1932 643 pectus
1954 603 1991 630 et
2010 595 2140 631 hume-

1145 663 1227 695 ros,
1260 651 1359 687 inter
1386 651 1472 688 fidei
1501 653 1698 701 mysteria,
1729 662 1764 689 et
1797 654 2139 690 manifestationem

1144 710 1326 747 veritatis.
1349 713 1391 746 In
1417 711 1535 747 altero
1565 712 1620 747 fac
1641 712 1708 748 tibi
1737 712 1916 759 domum,
1950 714 1988 750 in
2020 714 2139 750 altero

1144 768 1374 808 cubiculum.
1413 773 1700 806 Amantissimus
1744 775 1897 808 Domini
1942 775 2139 819 Benjamin

1143 834 1255 876 quasi
1282 835 1320 865 in
1352 830 1518 865 thalamo
1547 830 1750 866 morabitur
1767 840 1844 866 tota
1871 834 1954 876 (lie,
1986 842 2022 867 et
2046 837 2143 868 inter

1143 889 1313 925 humeros
1357 894 1558 938 requiescet
1582 889 1610 927 ⁸.
1645 891 1759 927 Vides
1801 892 1994 940 quomodo
2043 892 2141 929 inter

1143 947 1322 986 humeros
1342 949 1544 985 thalamum
1566 950 1748 986 collocat?
1768 950 1865 997 Quid
1885 963 1974 999 ergo
2004 951 2076 987 erit
2102 952 2140 988 in

1143 1010 1321 1058 pectore?
1339 1008 1550 1058 Utrobique
1566 1010 1678 1059 plane
1705 1009 2033 1059 contemplationis
2056 1010 2141 1058 pul-

1144 1067 1243 1104 chrae
1263 1068 1389 1113 locus,
1417 1077 1454 1105 et
1481 1069 1580 1105 inter
1609 1069 1788 1105 humeros
1804 1097 1813 1114 ,
1835 1077 1872 1104 ct
1890 1069 1990 1104 inter
2011 1068 2139 1105 ubera.

1096 1124 1124 1157 B
1144 1126 1216 1165 Sed
1246 1127 1400 1164 uberior
1426 1129 1544 1177 gratia
1569 1128 1606 1164 in
1636 1137 1812 1178 pectore,
1833 1128 1898 1164 ubi
1917 1129 2055 1165 amoris
2085 1129 2142 1165 lo-

1144 1200 1208 1224 cus
1221 1216 1231 1233 ,
1254 1188 1521 1236 cogitationum
1554 1187 1680 1233 sedes,
1700 1189 1896 1238 amplexus
1916 1188 2062 1225 occasio
2075 1217 2085 1234 ,
2105 1197 2141 1224 et

1143 1247 1322 1284 cernendi
1350 1248 1458 1297 copia
1489 1248 1629 1284 vultus.
1665 1251 1765 1284 Bene
1795 1260 1884 1297 ergo
1914 1247 1951 1283 in
1987 1256 2141 1297 pectore

1143 1310 1231 1343 Jesu
1264 1306 1464 1353 thalamus,
1499 1308 1576 1343 imo
1595 1315 1633 1344 et
1653 1307 1862 1344 thesaurus.
1891 1306 1948 1343 Ibi
1976 1307 2075 1343 enim
2104 1316 2141 1343 et

1143 1366 1285 1403 deliciae
1316 1368 1453 1416 Sponsi
1480 1375 1518 1403 et
1550 1367 1690 1404 divitiae
1721 1367 1854 1413 Verbi;
1883 1367 1971 1416 quia
2000 1367 2038 1403 in
2075 1367 2142 1403 illo

1143 1425 1355 1463 absconditi
1386 1435 1473 1463 sunt
1509 1440 1641 1463 omnes
1675 1427 1839 1464 thesauri
1877 1426 2068 1476 sapientiae
2106 1435 2143 1462 et

1143 1486 1307 1522 scientiae
1327 1486 1408 1523 Dei.
1441 1490 1484 1523 In
1507 1487 1576 1522 hos
1597 1486 1794 1535 ingredere
1826 1486 2039 1531 thesauros,
2055 1484 2142 1521 abs-

1143 1545 1265 1581 conde
1292 1554 1327 1581 te
1357 1546 1394 1582 in
1415 1545 1638 1582 abscondito
1662 1546 1766 1582 faciei
1787 1545 1868 1594 ejus
1891 1559 1910 1581 a
1932 1544 2140 1582 conturba-

1144 1605 1245 1640 tione
1274 1605 1471 1642 hominum
1491 1635 1500 1651 ‚
1530 1613 1567 1642 et
1597 1619 1710 1641 nemo
1734 1613 1768 1640 tc
1788 1605 1990 1641 exsuscitet
2021 1616 2142 1652 neque

1143 1664 1320 1713 evigilare
1352 1664 1483 1711 faeiat,
1514 1666 1635 1702 donec.
1664 1665 1744 1715 ipse
1771 1665 1873 1701 velis.
1907 1664 2078 1713 Denique
2105 1672 2138 1699 et

1142 1722 1215 1759 hoc
1240 1722 1352 1759 habet
1371 1737 1413 1760 ea
1436 1738 1519 1773 quae
1536 1724 1779 1773 subsequitur
1807 1723 1993 1772 adjuratio
2015 1723 2143 1772 sponsi

1144 1783 1277 1820 Christi
1302 1787 1410 1829 Jesu,
1442 1785 1506 1834 qui
1527 1785 1621 1821 vivit
1648 1793 1685 1821 et
1711 1793 1841 1834 regnat
1860 1785 1899 1821 in
1919 1784 2055 1820 saecula
2072 1796 2142 1820 sae-

1144 1843 1330 1879 culorum.
1348 1847 1484 1880 Amen.

1269 1976 1913 1987 κι-νιιενιιιιηυιιυςιιιιινννιιιιιιιιιιικιιιιςι
1919 1979 1941 1987 ιι
1947 1976 2143 1986 ι--ιιῑιιιιιιιι

1407 2098 1490 2154 SE
1505 2099 1662 2154 RMO
1714 2100 1875 2154 XIII.

1171 2237 1288 2274 Tenui,
1313 2250 1370 2269 nec
1387 2238 1542 2269 dimittam
1556 2238 1661 2275 illum,
1679 2245 1737 2271 etc.
1752 2240 1870 2272 Cantic.
1886 2251 1954 2282 cap.
1970 2250 2018 2277 ιιι,
2035 2238 2049 2273 i
2063 2265 2070 2271 .
2088 2243 2118 2271 f„

1538 2366 1753 2380 —QOGGJ—

1202 2493 1234 2530 1.
1260 2492 1393 2530 Adhuc
1410 2493 1563 2543 capituli
1581 2492 1696 2542 hujus
1717 2506 1785 2529 nos
1803 2493 1984 2529 discussio
2014 2501 2113 2528 tenet
2135 2507 2142 2529 :

1152 2555 1267 2588 Tenui
1281 2582 1290 2599 ‚
1307 2568 1374 2589 uec
1389 2555 1574 2589 dimittam
1596 2556 1714 2589 illum.
1734 2557 1837 2590 Itane
1858 2552 2071 2589 adhibenda
2090 2560 2145 2588 est

1144 2613 1336 2662 diligentia
1362 2621 1399 2649 et
1429 2613 1617 2658 studium,
1639 2622 1681 2649 ut
1703 2612 1860 2649 dilectus
1894 2620 1980 2648 tuus
2005 2625 2145 2661 appre-

78 2672 182 2705 coelis
201 2678 253 2705 est
267 2669 293 2707 ⁵.
313 2670 377 2707 Vis
393 2672 594 2708 somnum?
622 2673 770 2716 Mente,
796 2672 936 2721 inquit,
964 2686 1077 2708 exce·
1094 2673 1126 2706 D
1145 2673 1283 2710 hensus
1314 2673 1543 2709 retineatur?
1560 2673 1595 2709 si
1623 2686 1785 2722 sponsus
1804 2680 1881 2715 est,
1913 2673 2051 2708 amanti
2083 2684 2144 2707 re—

78 2730 222 2773 (linias,
242 2731 319 2765 Deo
336 2727 365 2765 ⁶.

133 2787 169 2824 4.
202 2791 284 2825 Huc
307 2802 398 2838 ergo
428 2789 541 2825 transi
563 2802 647 2825 cum
679 2789 836 2836 dilecto,
857 2790 916 2827 hic
945 2804 1075 2837 mane,

79 2847 159 2884 haec
178 2847 381 2893 meditare,
409 2848 446 2884 in
474 2848 530 2884 his
557 2857 638 2884 esto
660 2863 667 2885 :
689 2857 753 2885 aut
775 2850 805 2885 si
825 2851 898 2887 isto
928 2851 1077 2899 pertin-

80 2919 168 2956 gere
196 2920 272 2943 non
304 2916 430 2957 potes,
463 2908 705 2957 temperatius
726 2921 792 2957 age
814 2924 822 2945 :
845 2910 873 2945 si
905 2922 981 2945 non
1003 2923 1076 2959 po-

81 2974 137 3003 tes
168 2966 388 3004 recumbere
417 2968 454 3003 in
487 2976 640 3017 pectore
660 2972 765 3014 Jesu,
789 2968 851 3004 ubi
885 2969 1078 3006 indefessae

79 3034 216 3076 puteus
236 3027 449 3076 sapientiae3
475 3028 666 3076 requiesce
687 3028 784 3064 inter
804 3029 995 3078 scapulas,
1014 3029 1079 3065 ubi

80 3085 272 3135 patientiae
293 3085 374 3134 ejus
392 3087 566 3136 exempla
587 3095 623 3123 et
643 3088 819 3136 mysteria
844 3089 1080 3138 contemple-

81 3145 146 3182 ris.
167 3144 274 3182 Inter
301 3145 478 3183 humeros
498 3146 580 3196 ejus
604 3147 717 3196 :quia
746 3149 980 3196 prim-ipatus
1008 3146 1080 3195 fa—

82 3215 159 3241 ems
179 3215 234 3242 est
257 3219 369 3255 super
386 3207 575 3243 lunum-um
609 3212 728 3252 esua-7.
747 3210 791 3244 Et
818 3207 864 3244 de
886 3206 1079 3255 Benjamin

135 3344 141 3358 ¹
164 3338 241 3368 Psnl.
260 3350 360 3369 cxxxi
375 3363 383 3378 ‚
401 3343 416 3372 ‚²4
431 3364 438 3377 ‚
461 3343 489 3371 5.
526 3359 551 3362 μ
571 3345 582 3361 ²
597 3340 697 3371 Iieele..
714 3351 760 3378 iv,
785 3343 835 3371 ll.
857 3360 878 3362 ἡ
912 3338 925 3360 3
939 3341 1031 3372 Jonn.
1049 3353 1058 3371 ι
1074 3367 1081 3375 ,
1108 3345 1133 3374 l.
1155 3363 1162 3366 -

90 3395 138 3423 113.
156 3412 158 3414 v
212 3399 224 3423 7
245 3394 313 3424 lsai.
331 3406 376 3430 ix,
398 3400 428 3425 Γ».
514 3395 526 3415 ¹⁸⁴
543 3398 667 3426 Denter.
692 3406 797 3426 xxxin
814 3420 820 3432 ,
852 3400 900 3426 Ι’)..

1146 2732 1308 2782 spondet
1325 2746 1371 2769 ex
1391 2746 1500 2781 :equo
1521 2746 1528 2768 ε
1551 2732 1746 2782 quomodo
1766 2745 1841 2768 non
1862 2732 1962 2767 ultro
1983 2731 2146 2767 eolia‘ret

1144 2792 1232 2837 tibi,
1255 2800 1292 2828 ct
1315 2792 1534 2839 astringitur
1563 2792 1702 2839 gratis?
1731 2791 1903 2839 Denique
1933 2791 2004 2826 hoe
2033 2789 2145 2826 habet

1144 2853 1346 2902 impatiens
1367 2853 1467 2887 zelus
1497 2853 1727 2895 amantium,
1755 2860 1796 2887 ut
1821 2852 1932 2887 etiam
1966 2851 2146 2900 expulsus

1144 2912 1364 2961 importune
1398 2924 1436 2947 se
1472 2911 1638 2959 ingerat,
1680 2919 1717 2947 et
1749 2910 1934 2961 pudorem
1977 2909 2143 2946 dediscat

1145 2971 1333 3007 aemulatio
1360 2970 1466 3006 dura.
1488 2974 1595 3007 Nune
1618 2979 1741 3006 antem
1774 2970 1867 3006 dieis
1882 2999 1891 3015 ‚
1913 2972 1995 3006 Note
2018 2972 2143 3005 dimit-

1145 3041 1220 3067 tam
1243 3034 1366 3074 illum,
1396 3031 1502 3079 quasi
1521 3031 1709 3067 declinare
1728 3031 1916 3066 volentem
1938 3031 1965 3066 si
1988 3043 2062 3065 non
2085 3030 2143 3065 in—

1145 3091 1305 3128 stantius
1325 3091 1542 3127 retineatur.
1565 3090 1767 3138 Quomodo
1785 3091 1815 3126 si
1835 3098 1955 3134 amat,
1983 3098 2046 3125 aut
2076 3089 2144 3124 de-

1146 3151 1286 3186 clinare
1327 3150 1449 3194 volet,
1489 3158 1552 3186 aut
1581 3150 1689 3186 avelli
1719 3163 1758 3187 se
1792 3151 1912 3186 sinet?
1953 3154 2008 3185 Λιι
2051 3149 2145 3183 sorte

1145 3208 1423 3259 suspicionibus
1442 3210 1634 3246 amatoriis
1652 3210 1835 3253 moveris,
1857 3218 1892 3245 et
1910 3221 2144 3258 supervacuo

1950 3339 1964 3361 (ἱ
1982 3345 2006 3371 ll
2023 3342 2093 3371 (tur.
2113 3353 2142 3372 ι.

1208 3344 1220 3369 -l
1235 3343 1338 3374 Galat.
1356 3353 1399 3377 iv.
1426 3345 1475 3374 19.
1553 3341 1565 3362 ἦ
1587 3342 1719 3385 Philipp.
1739 3355 1792 3375 ιιι,
1812 3346 1864 3372 '’1).
