2418 3949
178 230 251 268 857

169 308 248 357 jam
286 320 362 343 non
393 306 463 343 erit
485 305 616 350 dolor,
652 317 774 353 neque
806 305 951 348 luctus,
981 302 1186 352 quoniam⁴

851 226 1135 264 TRACTATUS
1164 228 1229 262 DE
1258 225 1549 265 CHARITATE.

1191 301 1350 351 ²³guore
1370 304 1553 350 aflicitur,
1580 305 1668 341 dum
1697 318 1809 355 opem
1843 307 1936 343 ferat
1963 307 2018 344 illi
2038 319 2154 357 super
2175 308 2230 345 le·

2157 230 2232 268 858

171 367 299 415 priora
328 366 606 409 transierunt¹3
629 363 693 399 sed
713 363 897 399 amatorio
916 362 1053 412 poculo
1073 363 1162 397 reli-
1180 362 1207 394 A
1227 370 1328 398 ctum
1363 363 1503 400 doloris
1533 364 1626 413 ejus.
1666 368 1748 401 Vox
1785 375 1910 402 autem
1944 367 2157 416 languentis
2193 376 2230 403 et

173 426 292 462 cietur
303 433 339 461 et
350 421 598 460 inebriabitur
609 451 618 468 ‚
630 422 740 471 juxta
754 422 846 458 illud
859 449 869 466 ,
888 424 938 457 Et
949 423 1052 456 colia:
1063 433 1164 455 meus

172 485 379 529 inebrians,
399 498 510 532 quam
529 485 738 531 proeclarus
757 487 833 517 est²
853 484 859 517 !
886 485 942 518 De
966 480 1036 516 hoc
1051 479 1162 515 etiam

170 544 284 581 calice
312 543 425 580 credo
442 543 575 580 Isaiam
597 541 756 578 dixisse:
777 542 842 575 Acl
857 549 892 576 te
908 539 1163 588 quoque,filia

170 605 305 646 Edwn,
327 607 452 639 veniet
471 604 585 646 calix,
604 609 638 636 et
653 599 895 635 inebril1bere's
907 597 931 633 3.
948 597 1162 634 Inebriatur

170 674 260 711 ergo
287 660 334 698 ab
364 660 534 697 ubertate
562 659 697 695 domus
725 658 794 695 Dei
818 657 846 703 ⁵,
875 656 1008 694 bibens
1030 657 1160 692 vinum

169 733 316 758 merum
337 728 374 757 et
394 732 536 756 novum
560 719 598 754 in
620 731 736 767 regno
752 717 871 754 Patris
888 717 1033 754 Christi.
1056 720 1159 753 Inte—

169 779 238 815 rim
255 787 380 815 autem
403 776 499 813 bibit
518 777 648 812 vinum
670 790 778 813 suum
809 789 895 813 cum
922 775 1099 824 lacrymis
1121 775 1160 811 in

168 850 360 881 mensura,
378 837 497 872 donec
524 839 606 872 Rex
622 835 839 872 introducat
867 848 948 872 eam
970 836 1007 871 in
1029 835 1160 871 cellam

165 896 368 941 vinariam,
386 904 428 931 ut
447 896 564 944 ipsam
591 893 659 930 sibi
676 894 806 930 cellam
822 894 980 939 efficiat,
1001 902 1038 930 et
1057 893 1159 930 ordi-

166 965 230 993 net
246 957 284 992 in
306 968 349 992 ea
372 955 589 992 charitatem
603 953 629 990 ⁵.
648 954 714 990 Illa
736 954 920 1003 siquidem
951 967 1052 990 nunc
1068 953 1158 990 dili-

164 1028 275 1066 gens,
305 1015 370 1052 sed
390 1027 467 1051 non
495 1014 706 1050 dilectionis
730 1014 893 1050 fructum
926 1014 1158 1063 percipiens,

1228 421 1439 470 plangentis
1470 432 1525 459 est
1555 438 1561 458 :
1588 425 1731 472 Stipate
1758 438 1816 459 me
1851 428 1980 470 malis,
2005 424 2141 473 fulcite
2168 440 2227 462 me

1216 480 1392 526 floribuS,
1415 488 1506 530 quia
1528 496 1654 518 amore
1675 486 1886 532 langueo¹².
1907 485 2019 522 Initia
2039 485 2226 535 siquidem

1229 540 1412 577 virtutum
1435 542 1546 578 flores
1573 550 1679 589 sunt,
1699 551 1810 592 atque
1831 543 1976 581 fructus
2006 545 2163 582 honoris
2190 555 2228 582 et

1228 599 1481 637 honestatis¹3.
1496 602 1593 637 Mala
1604 615 1695 638 vero
1713 604 1917 639 maturiora
1930 604 2122 652 patientiae
2138 612 2227 640 sunt

1228 659 1406 694 exercitia
1436 667 1475 695 et
1507 661 1689 710 exempla.
1720 661 1889 710 Stipatur
1923 662 2050 711 itaque
2079 663 2225 706 anima,

1228 717 1317 753 dum
1344 720 1524 768 temporis
1544 720 1724 768 praeteriti
1755 720 1898 757 fructus
1927 721 2107 771 percipit,
2133 736 2225 759 con—

1229 785 1378 812 vertens
1402 778 1439 813 in
1465 779 1662 814 utilitatem
1686 780 1878 828 propriam
1897 780 2033 817 Christi
2057 781 2222 831 flagella,

1227 835 1449 885 opprobria,
1467 845 1504 873 et
1521 837 1671 874 dolores
1683 867 1693 884 ,
1709 847 1746 874 et
1758 847 1890 876 caetera
1906 853 1991 889 quae
2006 853 2135 890 passus
2150 851 2220 887 est,

1225 909 1344 944 usque
1377 896 1421 932 ad
1456 897 1700 945 ignominiam
1736 899 1866 935 crucis.
1903 903 1950 936 Et
1982 900 2060 936 haec
2096 903 2223 938 omnia

1227 955 1470 992 transierunt.
1490 956 1658 993 Christus
1678 957 1777 993 enim
1798 957 1874 1006 jam
1899 971 1978 995 non
1998 962 2158 996 moritur
2173 962 2215 997 ¹⁴'.

1223 1017 1404 1051 Fructum
1422 1023 1544 1052 tamen
1561 1016 1825 1064 quotidianum
1844 1017 1890 1053 de
1910 1018 2027 1067 ipsius
2046 1020 2221 1068 passione

164 1075 256 1111 etin
277 1074 365 1110 solis
384 1071 580 1110 afFectibUS
605 1085 644 1109 se
661 1084 841 1108 exercens
855 1100 864 1117 ‚
896 1072 1012 1108 1¹¹0d0
1041 1071 1156 1114 dicit,
1178 1073 1204 1106 Β
1225 1074 1449 1123 colligimus.
1469 1075 1637 1112 Fulcitur
1651 1087 1789 1124 sponsa
1805 1075 1983 1122 floribus,
2005 1090 2100 1126 quos
2116 1087 2223 1114 natu-

168 1136 372 1170 Vulnerata
400 1134 578 1169 charitate
596 1145 664 1180 ego
679 1144 760 1167 sum
779 1146 790 1166 .·
812 1139 849 1168 et
873 1130 918 1167 ad
940 1131 1103 1179 Angelos
1122 1138 1159 1166 et

163 1193 210 1230 ad
237 1201 385 1230 sanctos
413 1192 582 1241 loquitur
606 1190 760 1227 dicens:
785 1191 930 1236 Adjuro
955 1190 1158 1236 vos‚filloe

162 1254 367 1288 Jerusalem
382 1280 393 1297 ,
409 1255 441 1288 si
454 1254 661 1286 inveneritis
679 1251 852 1286 dilectum
863 1278 875 1294 ,
894 1251 1004 1285 dicite
1019 1254 1054 1285 ei
1067 1254 1156 1297 qula

163 1325 290 1348 amore
316 1313 474 1361 langueo
491 1309 516 1345 ⁶.

467 1433 644 1473 CAPUT
674 1432 849 1471 XXXII.

391 1552 462 1590 Qua
477 1548 598 1579 ratione
612 1557 700 1578 amor
722 1547 760 1578 sit
777 1546 917 1588 languor.

215 1667 278 1703 97.
316 1665 454 1703 Mirum
482 1673 606 1702 tamen
631 1673 687 1702 est
719 1663 915 1714 quomodo
945 1676 1052 1700 amor
1076 1665 1154 1701 sive

160 1725 320 1762 charitas
347 1725 506 1774 languor
536 1724 584 1761 sit
613 1736 762 1774 sponsae
791 1724 852 1760 vel
882 1723 1036 1769 animae,
1069 1737 1154 1760 cum

159 1785 319 1822 charitas
332 1785 478 1834 operiat
503 1783 784 1820 multitudinem
813 1791 1053 1833 peccatorum
1069 1790 1095 1829 ⁷3
1117 1792 1154 1819 et

1224 1145 1275 1169 rae
1299 1132 1472 1169 humanae
1501 1132 1696 1169 innovatio
1717 1133 1763 1170 de
1792 1134 1927 1171 Christi
1947 1137 2222 1173 resurrectione

1224 1191 1417 1241 produxit.
1436 1192 1565 1228 Hiems
1587 1192 1688 1228 enim
1710 1193 1882 1238 transiit,
1913 1192 2037 1230 imber
2065 1193 2158 1231 abiit
2186 1204 2223 1232 et

1222 1251 1399 1297 recessit,
1433 1251 1546 1288 flores
1579 1260 1838 1302 apparuerunt
1873 1253 1911 1288 in
1945 1260 2043 1289 terra
2075 1262 2217 1291 nostra.

1221 1311 1288 1347 Ille
1302 1311 1479 1347 nimirum
1497 1311 1562 1360 qui
1577 1311 1687 1357 dicit,
1707 1313 1868 1360 Egestos
1882 1317 2030 1361 campi,
2050 1322 2087 1349 et
2099 1315 2220 1350 lilium

1222 1372 1442 1406 convallium
1461 1369 1503 1416 ¹⁵,
1526 1378 1662 1406 terram
1690 1370 1810 1407 carnis
1841 1379 2002 1417 nostrae‚
2030 1385 2115 1422 quae
2149 1373 2220 1410 sul)

1222 1429 1424 1466 maledicto
1439 1430 1557 1466 veteri
1568 1430 1695 1479 spinas
1708 1439 1745 1466 et
1760 1429 1919 1467 tribulos
1930 1431 2165 1480 germinabat
2177 1431 2219 1478 ¹⁶,

1222 1501 1381 1537 surgens
1399 1501 1420 1525 a
1438 1489 1596 1525 mortuis
1612 1489 1849 1525 reflorescere
1866 1489 1972 1536 fecit,
2000 1491 2089 1526 etin
2109 1503 2220 1528 novae

1221 1548 1518 1597 regenerationis
1534 1548 1727 1584 infantiam
1746 1561 1815 1584 nos
1834 1548 1997 1585 reduxit.
2022 1549 2088 1586 His
2112 1550 2219 1588 malis

1220 1615 1257 1643 et
1283 1607 1340 1644 his
1365 1607 1523 1644 floribus
1551 1606 1724 1656 stipanda
1745 1615 1782 1643 et
1802 1607 1987 1643 fulcienda
2017 1616 2097 1653 est,
2113 1617 2156 1644 ut
2175 1622 2218 1645 ea

1220 1679 1332 1716 quam
1350 1666 1462 1703 habet
1475 1666 1521 1703 ad
1536 1667 1740 1703 Dominum
1758 1679 1834 1703 non
1853 1674 2039 1716 torpescat
2052 1667 2214 1712 affectio,

1220 1725 1511 1775 donec-recepta
1531 1726 1568 1762 in
1587 1725 1787 1775 amplexus
1807 1725 1936 1774 sponsi
1956 1725 2055 1762 dicat
2078 1740 2085 1761 :
2103 1729 2215 1762 Loeva

1220 1786 1297 1829 ejus
1316 1784 1380 1820 sul)
1401 1790 1524 1833 capite
1548 1799 1642 1830 ιηεο,
1660 1794 1695 1820 et
1709 1787 1867 1820 dextera
1891 1787 1994 1820 llleus
2014 1788 2213 1833 amplexa-

158 1858 244 1882 cum
260 1845 377 1881 Maria
391 1844 623 1893 Magdalem,
641 1844 730 1893 quia
750 1844 910 1880 multum
932 1843 1083 1887 dilexit,
1106 1843 1152 1879 ab
1173 1845 1200 1881 C
1221 1843 1318 1880 bitur
1349 1858 1406 1880 me
1428 1851 1468 1880 ’7.
1508 1843 1701 1894 Quidquid
1729 1844 1828 1880 enim
1858 1844 1896 1880 iu
1932 1844 2058 1893 primo
2086 1846 2215 1894 sponsi

156 1905 395 1941 infestatione
412 1912 555 1954 septem
572 1903 845 1940 daemoniorum
861 1931 871 1948 ,
888 1902 923 1939 id
939 1911 995 1939 est
1009 1910 1151 1952 septem

158 1965 409 2001 criminalium
432 1964 631 2013 languore,
650 1972 779 1999 sanata
800 1961 884 1998 sit⁸.
904 1965 1022 1999 Porro
1045 1975 1153 1998 amor

158 2026 317 2074 languor
330 2032 408 2069 est,
430 2023 519 2059 dum
539 2036 668 2059 amans
684 2022 859 2059 desiderii
878 2021 1056 2058 dilatione
1074 2030 1152 2058 tor-

159 2092 314 2134 quetur,
334 2083 423 2120 dum
441 2082 569 2132 sponsi
584 2082 745 2132 suspirat
763 2082 970 2131 amplexus.
993 2081 1065 2118 Sed
1087 2083 1150 2130 qui

158 2151 264 2180 sanat
292 2155 424 2179 omnes
455 2142 691 2178 infirmitates
725 2150 804 2178 tuas
822 2148 851 2186 9,
883 2141 1008 2177 anima
1043 2154 1150 2186 mea,

158 2212 264 2240 tuum
284 2203 502 2252 languorem
524 2202 581 2239 sui
602 2202 780 2238 fruitione
805 2200 972 2246 curabit,
997 2200 1150 2249 quando

156 2275 196 2299 se
215 2261 283 2298 tibi
299 2261 345 2298 ad
367 2261 581 2298 habendum
597 2289 607 2306 ,
629 2260 677 2297 ad
696 2259 901 2297 videndum
916 2288 926 2305 ,
951 2258 997 2295 ad
1018 2259 1148 2295 fruen-

156 2321 246 2358 dum
260 2349 270 2366 ,
291 2321 382 2357 facie
411 2321 576 2357 revelata
596 2318 807 2369 praestabit,
833 2327 871 2355 et
887 2331 1081 2367 nunquam
1102 2317 1149 2354 de

157 2388 293 2416 caetero
313 2379 546 2430 separaberis
561 2378 608 2415 ab
625 2378 755 2415 osculo
772 2386 809 2414 et
836 2377 1015 2427 amplexu
1035 2377 1147 2414 illius.

157 2438 346 2477 Gaudebit
367 2438 540 2488 equidem
571 2451 731 2488 sponsus
751 2450 865 2487 super
890 2449 1065 2487 sponsam
1080 2464 1090 2482 ,
1113 2444 1150 2473 et

158 2497 336 2547 gaudebit
356 2511 470 2547 super
491 2506 524 2534 te
542 2502 643 2535 Deus
665 2504 804 2534 tuus¹⁰.
826 2500 931 2533 Tunc
959 2496 1150 2545 languoris

158 2557 366 2606 angustiam
396 2558 537 2594 fructus
575 2557 712 2593 amoris
745 2555 932 2593 excludet.
975 2559 1151 2605 Languor

1217 1903 1382 1940 adventu
1408 1903 1454 1940 de
1472 1904 1572 1940 illius
1594 1904 1744 1940 sinistra
1762 1916 1863 1940 nunc
1885 1903 2038 1953 recipit,
2059 1916 2214 1953 compa-

1219 1963 1365 2000 ratione
1382 1963 1529 2012 gloriae,
1550 1976 1662 2012 (piam
1680 1964 1717 1999 in
1740 1963 1916 2013 amplexu
1933 1962 2096 1999 dexterae
2118 1976 2217 1999 rece·

1218 2030 1331 2071 ptura
1358 2030 1435 2067 est,
1454 2021 1647 2058 modicum
1678 2021 1890 2071 reputabit,
1920 2022 2014 2058 sicut
2034 2022 2215 2071 scriptum

1216 2090 1273 2118 est
1292 2096 1299 2117 :
1321 2085 1362 2116 In
1380 2086 1532 2118 sinistra
1553 2087 1631 2127 ejus
1650 2084 1793 2117 (livinae
1810 2091 1844 2117 et
1858 2084 1993 2130 gloria,
2012 2090 2047 2117 et
2066 2085 2104 2117 in
2120 2083 2213 2117 daz·-

1218 2150 1297 2176 tera
1318 2142 1394 2186 ejus
1421 2144 1607 2190 longitudo
1629 2146 1723 2177 vitoe
1738 2140 1779 2177 ¹⁸.

1509 2257 1684 2296 CAPUT
1714 2256 1909 2296 XXXIII.

1512 2378 1728 2409 Dimensiones
1747 2376 1916 2408 charitatis.

1269 2497 1332 2534 99.
1362 2499 1457 2534 Sane
1488 2500 1591 2534 Deus
1619 2496 1716 2533 sicut
1735 2508 1836 2531 nunc
1863 2495 2081 2545 imperfecte
2104 2505 2141 2532 et
2169 2510 2214 2533 ex

1217 2564 1323 2606 parte
1339 2555 1602 2605 cognoscitur,
1624 2555 1675 2591 sic
1704 2555 1815 2591 etiam
1837 2554 2056 2604 imperfecte
2087 2554 2215 2604 diligi—

159 2616 259 2652 enim
282 2615 446 2660 excidet,
463 2615 526 2652 sed
545 2629 619 2652 non
634 2629 761 2661 amor3
777 2615 863 2664 quia
878 2615 1040 2651 charitas
1056 2628 1150 2651 nun·
1168 2619 1201 2653 1)
1219 2624 1293 2651 tur.
1318 2615 1492 2664 Cognitio
1512 2614 1611 2650 enim
1643 2626 1756 2662 quam
1788 2612 1835 2648 de
1865 2616 1946 2648 Deo
1974 2613 2011 2648 in
2041 2615 2215 2662 praesenti

159 2688 272 2724 quam
289 2674 487 2711 exci‹let¹¹.
509 2679 625 2712 Amor
648 2675 763 2724 igitur
784 2687 885 2710 nunc
903 2674 1064 2722 languor
1078 2683 1148 2720 est,

159 2735 248 2771 dum
272 2735 458 2772 cruciatur
491 2734 677 2771 desiderio
710 2734 863 2770 videndi
889 2748 897 2770 :
924 2734 995 2769 erit
1025 2742 1149 2771 autem

161 2795 330 2840 satietas,
363 2795 516 2844 quando
547 2793 823 2843 jucundabitur
855 2806 924 2830 usu
957 2793 1147 2830 desiderii.

159 2854 300 2891 Utendi
332 2855 431 2890 enim
461 2853 684 2890 desiderium
707 2861 850 2889 tantum
873 2852 983 2889 distat
1015 2852 1062 2889 ab
1082 2866 1152 2890 usu

161 2911 355 2957 desiderii,
371 2925 469 2961 quan
477 2920 552 2948 tum
571 2912 759 2962 appetitus
772 2924 793 2947 a
809 2911 1045 2961 plenitudine
1059 2913 1149 2957 voti,

162 2979 197 3007 et
217 2979 399 3020 quantum
417 2972 530 3008 fames
549 2984 570 3008 a
586 2972 766 3008 satietate.

213 3030 276 3067 98.
298 3031 450 3067 Interim
471 3044 561 3079 ergo
582 3031 746 3079 graviter
765 3031 994 3076 infirmatur,
1013 3039 1049 3067 ct
1069 3031 1152 3067 lan-

1215 2674 1397 2711 habemus
1411 2703 1420 2719 ‚
1455 2674 1485 2710 si
1511 2681 1752 2722 comparetur
1784 2672 1830 2708 ad
1863 2672 2033 2707 notitiam
2063 2674 2212 2721 patriar.

1216 2734 1369 2784 quando
1385 2734 1547 2769 revelata
1565 2733 1657 2768 facie
1673 2730 1886 2767 videbimus
1903 2734 2044 2774 Deum,
2061 2731 2214 2779 quando

1219 2792 1409 2830 videbitur
1427 2793 1462 2828 in
1481 2792 1598 2840 gloria
1616 2804 1681 2827 sua
1696 2819 1705 2834 ‚
1723 2789 1875 2838 quando
1896 2789 2066 2826 ostendet
2086 2791 2213 2826 faciem

1219 2867 1344 2898 suan13
1360 2853 1453 2889 sicut
1470 2852 1659 2901 ingressus
1676 2851 1768 2886 lucis
1786 2850 1977 2885 matutinae
1992 2863 2051 2899 pei
2077 2851 2216 2886 tenuis-

1220 2914 1348 2949 simam
1374 2912 1529 2954 rimam,
1560 2911 1588 2946 si
1620 2910 1665 2946 ad
1700 2909 1949 2945 meridianum
1973 2909 2214 2959 splendorem

1219 2974 1436 3009 conferatur
1450 2999 1459 3015 ,
1482 2969 1635 3019 quaudo
1655 2970 1710 3005 sol
1728 2969 1826 3005 lucet
1847 2968 1884 3004 in
1904 2969 2043 3005 virtute
2061 2982 2125 3005 sua
2140 2985 2148 3013 ;
2166 2970 2216 3005 sic

1219 3040 1274 3068 est
1295 3030 1446 3066 dileetio
1464 3029 1532 3066 Dei
1546 3058 1555 3075 ,
1570 3042 1654 3078 qua:
1674 3029 1711 3065 in
1738 3029 1805 3065 liae
1825 3028 2128 3078 peregrinatione
2153 3029 2215 3064 lui-

213 3181 221 3195 ¹
238 3178 339 3217 Apoc.
358 3187 415 3205 xxi
430 3200 437 3213 ,
460 3178 488 3206 [ι.
505 3194 547 3198 —-
563 3182 574 3196 ²
589 3176 668 3208 Psal.
688 3187 759 3206 xxii
773 3199 780 3213 ,
807 3180 889 3205 .'›.—-
910 3172 923 3195 ³
941 3174 1056 3205 Thu-n.
1072 3185 1116 3211 iv,
1139 3178 1192 3206 21.
1209 3193 1241 3197 -
1271 3174 1284 3199 4
1307 3173 1384 3205 l‘sal.
1401 3184 1500 3207 xxxv.
1522 3177 1553 3203 ἱ).
1576 3191 1618 3195 -—
1640 3171 1652 3194 ⁵
1676 3171 1794 3203 Cannio.
1810 3182 1832 3202 ιι
1846 3196 1853 3206 ,
1881 3173 1906 3201 ἰ.
1924 3189 1962 3193 -
1983 3169 2059 3203 ⁶121.
2077 3184 2107 3205 v.
2127 3177 2156 3202 S.
2175 3191 2214 3195 ν

162 3231 364 3263 711‘‹·1r.1v‚
389 3232 419 3259 8.
438 3246 479 3250 —
498 3227 512 3250 ⁸
535 3231 787 3266 1.u‹·.=11,'17.›
803 3245 818 3248 -
837 3227 944 3257 ol’sal.
969 3239 1035 3263 (.ιι,
1066 3231 1097 3258 ζῐ.
1120 3246 1127 3247 ff
1158 3233 1212 3247 *¹⁰
1241 3225 1308 3257 lsai.
1340 3237 1427 3260 [xii.
1462 3230 1547 3255 :›.—
1571 3231 1596 3246 ¹¹
1620 3229 1630 3256 l
1655 3227 1727 3256 Cur.
1754 3236 1814 3254 xiii
1830 3248 1837 3260 ,
1865 3227 1894 3254 S.
1912 3242 1954 3246 >-
1982 3231 2009 3245 ¹²
2032 3228 2149 3255 (laune.
2174 3237 2217 3260 ιι,

165 3286 220 3311 fn*
243 3300 246 3301 ν
272 3279 299 3300 ’5
324 3280 415 3310 ticeli.
438 3285 655 3314 xx1v.'.23.--
675 3282 701 3306 ¹4
724 3284 812 3311 Rom.
841 3291 890 3315 νι,
918 3283 947 3309 9.
968 3298 1009 3301 —--
1036 3278 1062 3300 ¹5
1079 3279 1198 3310 (tamir.
1224 3291 1255 3316 ι,
1288 3282 1339 3313 11,
1368 3282 1421 3314 112,
1452 3281 1476 3308 1,
1509 3297 1543 3300 -
1579 3277 1608 3299 ¹⁶
1631 3282 1710 3309 Gen.
1737 3289 1796 3314 ιιι,
1826 3281 1875 3308 ts.
1902 3294 1945 3299 —
1976 3284 2002 3307 ’7
2027 3279 2145 3308 (latnie.
2172 3290 2218 3310 ιι,

279 3332 306 3354 '⁸
334 3336 422 3363 l'rox'.
445 3345 501 3367 ιιι,
527 3337 577 3364 10.

164 3338 193 3363 Γ».
212 3350 253 3355 --
