2504 3928
334 205 423 240 its?

1135 201 1302 235 OGtiRH
1335 200 1493 233 stium)
1523 199 1554 232 11

326 282 430 317 .1ιιι1.ι·
457 278 615 316 tradidit.
646 283 675 313 (i
694 277 787 312 Juda
809 276 955 312 infelix!
984 290 1005 309 o
1026 276 1206 325 discipule
1226 289 1309 324 pcs-
1324 275 1353 289 ·“”’“

2270 195 2365 232 tls-‘3

1359 274 1451 308 ''nis-i
1485 288 1521 307 se
1551 272 1852 316 emendaverint,
1878 284 2030 320 regnum
2060 272 2125 308 Dei
2152 284 2226 307 non
2249 275 2368 321 possi-

328 342 437 378 simc.
459 347 642 375 mercator
663 338 846 384 nequam!
872 335 953 371 'ribi
974 348 1076 371 coena
1093 335 1308 385 parabatur,
1331 342 1356 372 Α
1382 332 1534 367 dclinnt.

329 408 363 434 ct
386 412 406 434 a
439 407 471 433 te
501 397 609 432 dator
628 408 743 431 ‹arna›
763 393 989 430 tradebatur.
1017 398 1047 429 ()
1069 394 1179 430 miser
1197 393 1312 429 Jnda!

329 472 350 491 o
368 457 460 492 male
473 456 677 491 consessor!
701 469 722 489 o
739 453 931 502 desperate
953 453 1156 501 poenitens!
1175 452 1312 494 dixisti,

333 519 481 551 l'ccccwi
499 517 649 549 tradens
673 517 890 560 ,vangium-m
910 517 1068 557 justum*
1087 540 1095 553 ‚
1121 520 1157 547 et
1184 513 1316 559 laqueo

329 574 598 623 desperationis
625 583 658 608 te
673 602 681 617 ‚
704 573 830 614 miser,
854 572 1056 608 suffocasti.
1088 575 1177 613 Iste,
1202 580 1239 606 ut
1257 584 1316 606 ar-

332 634 463 678 bitror,
489 634 555 669 suit
578 633 673 668 lilius
690 631 852 668 Simonis
875 631 1088 668 Seliariotis.
1108 631 1234 666 Simon
1257 630 1316 665 di-

330 693 425 728 citur
442 691 650 728 Obediens:
668 690 731 726 sed
749 690 869 738 qualis
889 689 946 724 vir
963 689 1030 724 iste
1049 689 1176 725 Simon
1195 688 1317 727 luerit,

334 755 431 786 Deus
449 751 535 795 scit,
566 763 635 798 ego
653 758 775 785 autem
804 750 939 784 nescio,
959 748 1159 783 Schariotis
1185 748 1320 783 dicitur

332 825 351 846 a
375 812 455 847 xico
473 811 508 846 in
529 823 604 859 qno
625 817 729 845 ortus
748 809 813 844 suit
828 837 837 853 ,
865 808 928 857 qui
949 808 1021 844 alio
1046 808 1196 843 nomine
1220 811 1318 843 Mar-

335 870 445 905 motis
462 869 611 913 dicitur,
629 868 817 904 sivemala
834 880 944 903 mors.
964 871 1009 904 Et
1026 867 1158 903 merito
1170 866 1215 902 dc
1227 867 1320 902 mala

334 937 454 964 morte
470 928 551 973 suit,
570 928 658 977 quia
678 928 729 963 sic
749 927 843 963 mala
859 935 978 962 morte
998 926 1121 975 periit.
1142 925 1322 961 Diabolus

337 987 485 1022 miserat
514 986 551 1022 in
580 999 645 1022 cor
674 999 741 1035 per
769 986 1071 1034 suggestionem,
1101 992 1141 1020 ut
1160 984 1323 1020 traderet

1440 392 1467 427 i.
1489 393 1634 433 Estote,
1653 401 1796 437 quaeso‚
1819 386 2061 433 dilectissimi,
2079 387 2249 437 discipuli
2264 389 2369 426 Chri-

1381 452 1424 487 sti
1444 479 1452 494 ,
1478 464 1551 486 non
1581 450 1616 484 in
1646 448 1826 492 salsitate,
1861 445 1925 482 scd
1954 446 1989 482 in
2011 447 2194 492 veritate3
2229 460 2302 483 non
2334 448 2368 483 in

1384 518 1508 554 veste,
1529 507 1593 544 scd
1622 507 1656 542 in
1683 505 1820 549 corde;
1843 518 1918 540 non
1941 505 1977 541 in
2002 505 2075 541 alta
2098 514 2249 542 tonsura
2271 534 2281 551 ,
2305 506 2370 542 sed

1384 570 1419 604 in
1448 576 1572 603 niente
1600 578 1707 615 pura.
1737 564 1870 601 Judam
1905 564 2152 614 derelinquite
2166 564 2370 614 desperan-

1386 637 1456 663 tem
1478 655 1485 668 ,
1524 630 1673 662 l‘etrum
1720 623 1919 672 sequimini
1956 636 2044 659 vere
2086 624 2331 673 poenitentem
2363 639 2370 660 z

1385 686 1519 722 ,ludam
1551 684 1799 733 dereliiupiite
1833 684 2092 732 desperantem
2128 684 2164 719 in
2200 683 2375 720 barathro

1389 746 1522 781 inferni
1538 774 1546 787 ,
1573 749 1718 781 l‘ctruni
1740 743 1938 792 sequimini
1959 743 2022 791 qui
2045 751 2100 778 est
2119 743 2154 778 in
2173 743 2290 791 gloria
2309 756 2375 792 pa-

1388 805 1520 849 radisi,
1545 811 1667 839 tenete
1686 803 1867 850 lacrymas
1889 802 1996 838 l‘etri.
2014 801 2123 849 Quod
2142 802 2170 837 si
2186 801 2346 837 feceritis
2363 829 2372 846 ,

1388 864 1614 913 pervenietis
1635 863 1679 898 ad
1707 862 1863 909 gloriam
1884 861 2001 906 Petri,
2024 873 2091 910 per
2109 865 2236 897 Jesum
2263 861 2373 898 Chri-

1388 933 1483 959 stum
1514 923 1736 967 Dominum,
1763 921 1821 957 cui
1851 922 2053 957 confitetur
2069 921 2191 956 anima
2215 933 2317 966 mea,
2338 929 2376 955 et

1388 991 1489 1019 sanat
1508 995 1587 1018 cani
1606 1010 1615 1025 ,
1645 983 1731 1030 qnia
1751 980 1918 1029 peccavit
1940 979 1972 1015 ei
1986 1008 1995 1024 ,
2016 979 2078 1028 qui
2105 992 2190 1015 cum
2214 983 2320 1015 Patre
2339 987 2376 1014 et

335 1060 441 1090 eum,
475 1059 551 1082 non
581 1045 738 1082 credens
764 1045 869 1081 illum
905 1058 983 1081 esse
1022 1048 1154 1081 Deum.
1188 1048 1321 1080 Nonne
1342 1048 1366 1080 Β
1387 1043 1524 1092 Spiritu
1541 1050 1668 1077 sancto
1685 1041 1731 1077 sit
1751 1039 1968 1076 benedictus
1990 1051 2057 1087 per
2073 1047 2208 1075 cuncta
2227 1038 2373 1075 saecula.

335 1106 588 1142 contremiscis
608 1105 835 1154 recogitans,
853 1104 1072 1147 christiane,
1102 1112 1137 1140 et
1156 1111 1213 1147 tu,
1239 1117 1321 1138 mo-

336 1164 450 1199 nache
477 1165 593 1200 sancti
627 1163 841 1203 Benedicti,
862 1162 952 1211 quid
975 1170 1097 1198 actum
1125 1169 1179 1197 est
1200 1161 1245 1197 (le
1272 1161 1322 1197 di-

335 1223 481 1271 scipulo
507 1222 639 1259 Christi
656 1224 669 1257 P
690 1221 869 1258 Diabolus
887 1221 985 1256 misit.
1005 1221 1042 1256 in
1070 1234 1135 1256 cor
1154 1219 1256 1268 ejus,
1282 1228 1324 1255 ut

336 1280 499 1317 traderet
515 1282 655 1325 Vitam,
673 1289 708 1316 et
730 1279 879 1316 tradens
896 1280 1016 1316 Vitam
1032 1308 1041 1325 ,
1063 1292 1130 1328 per
1149 1280 1321 1327 laqueum

337 1340 607 1388 desperationis
624 1352 662 1375 se
679 1347 714 1375 et
732 1339 843 1374 vitam
864 1337 1039 1386 perdidit.
1058 1337 1093 1373 Si
1114 1337 1226 1385 lupus
1247 1349 1323 1371 non

338 1399 459 1435 timuit
493 1400 633 1434 intrare
669 1399 705 1433 in
736 1410 885 1446 gregem
922 1396 1075 1432 Domini
1094 1424 1103 1440 ,
1138 1408 1250 1431 unam
1279 1393 1324 1430 de

337 1458 535 1494 duodecim
569 1467 642 1493 tam
679 1457 840 1506 pauculo
874 1468 1032 1492 numero
1064 1462 1226 1490 mactare
1241 1483 1250 1499 ,
1289 1462 1326 1490 et

338 1517 515 1566 perdere3
551 1516 642 1565 quid
663 1516 827 1552 facturus
846 1523 901 1551 est
922 1514 967 1551 de
986 1527 1097 1563 grege
1127 1514 1327 1550 commisso

340 1576 508 1626 pastori?
535 1576 804 1624 Unusquisque
821 1583 986 1611 vestrum
1005 1603 1014 1619 ,
1032 1574 1162 1610 fratres
1181 1573 1326 1609 charis-

338 1635 434 1681 simi,
455 1635 581 1671 videat
599 1648 645 1671 ne
659 1635 705 1671 sit
728 1635 822 1671 sicut
835 1634 962 1670 Judas.
987 1633 1119 1669 Videte
1135 1631 1327 1681 quomodo

339 1703 445 1731 caute
465 1693 663 1730 ambuletis
677 1721 686 1738 ‚
711 1706 787 1729 non
815 1692 920 1741 quasi
940 1691 1160 1741 insipientes
1174 1720 1183 1737 ,
1205 1690 1269 1727 sed
1291 1699 1332 1726 ut

341 1753 551 1802 sapientes,
583 1752 681 1789 cauti
704 1759 835 1788 contra
864 1750 986 1787 callidi
1016 1751 1133 1786 hostis
1166 1749 1329 1786 insidias.

1392 1107 1522 1138 Amen.

1746 1217 1928 1254 SERMO
1958 1216 2012 1254 ΙΙ.

1599 1343 1633 1368 ln
1654 1348 1732 1368 versi.
1755 1340 1833 1368 3-19
1859 1348 1929 1378 cap.
1950 1348 2013 1367 χιιι
2031 1337 2172 1369 Joannis.

1448 1454 1478 1489 1.
1501 1453 1602 1489 Sicut
1621 1452 1721 1487 auris
1742 1464 1816 1486 non
1844 1459 1967 1500 potest
1989 1451 2113 1487 satiari
2131 1451 2284 1496 auditu,
2314 1464 2384 1487 nec

1394 1513 1523 1548 oculus
1541 1512 1619 1547 visu
1637 1526 1646 1557 ;
1674 1511 1726 1547 sie
1748 1523 1816 1546 nos
1840 1523 2032 1559 nunquam
2060 1510 2183 1547 satiari
2201 1509 2382 1546 debemus

1394 1570 1614 1608 enarrandis
1648 1570 1718 1619 piis
1750 1569 1928 1619 operibus
1971 1569 2118 1607 Christi.
2165 1573 2256 1607 Nam
2294 1568 2385 1605 m‘ihi

1393 1631 1513 1667 dulcia
1529 1638 1617 1667 sunt
1637 1643 1750 1679 super
1770 1631 1840 1665 mel
1858 1638 1894 1665 et
1914 1629 2052 1675 savum,
2075 1637 2112 1666 et
2130 1629 2299 1666 chariora
2319 1642 2384 1665 su-

1398 1703 1466 1739 per
1491 1689 1603 1725 millia
1633 1689 1712 1725 auri
1739 1697 1775 1724 et
1794 1689 1960 1738 argenti,
1989 1697 2026 1725 et
2054 1689 2111 1725 his
2131 1688 2290 1725 saturari
2308 1701 2384 1724 non

1398 1763 1564 1799 possum.
1586 1749 1798 1798 Amplilicet
1826 1748 1915 1784 milii
1947 1748 2131 1785 Dominus
2157 1748 2384 1785 desiderium

342 1813 439 1857 Misit
458 1813 495 1848 in
515 1826 580 1849 cor
598 1812 724 1857 Judae,
744 1820 785 1848 ut
811 1811 973 1847 traderet
995 1810 1212 1847 Dominum.
1232 1809 1329 1857 Quid
1349 1817 1375 1852 C
1398 1821 1521 1845 meum
1536 1837 1545 1853 ‚
1564 1816 1602 1844 et
1633 1808 1793 1843 laetilicet
1827 1820 1886 1843 me
1923 1807 1960 1843 in
1988 1806 2227 1856 jucunditate
2258 1807 2388 1843 vultus

341 1881 396 1908 est
410 1872 555 1908 tradere
571 1872 796 1908 Dominum?
813 1870 983 1907 Vendere
1000 1870 1216 1907 Dominum.
1232 1869 1329 1916 Quid

342 1939 398 1967 cst
418 1930 606 1967 vendere?
625 1931 811 1966 Alienare.
828 1930 1033 1966 Dominum
1052 1928 1206 1973 vendit,
1226 1927 1290 1976 qui
1311 1940 1331 1963 a

344 2004 382 2027 se
403 1991 608 2026 Dominum
628 1990 776 2026 alienat.
798 1989 1003 2026 Dominum
1025 1989 1164 2024 alienas
1183 2001 1203 2024 a
1225 1996 1282 2033 te,
1303 1987 1332 2023 si

345 2049 500 2098 depellis
523 2062 607 2085 eum
626 2061 646 2084 a
668 2057 715 2085 te.
743 2051 774 2085 O
793 2047 975 2084 monache
991 2047 1083 2092 Dei,
1105 2060 1127 2082 o
1151 2046 1334 2095 discipule

347 2108 506 2152 Christi,
542 2107 630 2144 audi
665 2121 746 2152 me,
781 2107 868 2143 audi
899 2106 1096 2143 consilium
1119 2118 1256 2141 meum.
1283 2108 1334 2141 Te

348 2165 520 2202 diabolus
537 2168 673 2215 quaerit
689 2166 869 2208 evellere,
896 2173 930 2200 te
946 2164 1143 2200 extrahere
1157 2163 1204 2199 de
1224 2175 1335 2211 grege

347 2225 514 2262 Domini.
536 2226 629 2262 Vide
646 2238 693 2262 ne
722 2225 933 2261 consentias
952 2224 1008 2268 ei,
1032 2223 1117 2259 vide
1140 2236 1187 2258 ne
1206 2221 1336 2258 credas

349 2285 395 2320 ei.
417 2284 577 2321 Mendax
592 2293 668 2330 est,
687 2293 724 2321 et
742 2293 848 2334 pater
865 2283 960 2332 ejus.
979 2286 1030 2319 Te
1049 2282 1131 2318 vult
1148 2281 1333 2325 occidere,

351 2353 385 2378 te
416 2344 495 2379 vult
516 2352 676 2379 mactare
690 2372 699 2388 ‚
728 2352 762 2379 te
785 2343 865 2378 vult
892 2341 1050 2391 perdere
1070 2354 1196 2377 secum
1214 2340 1250 2375 in
1271 2352 1334 2387 ge-

353 2402 526 2437 liennam.
550 2404 685 2438 Cavete
706 2414 724 2436 a
746 2400 895 2445 loculis,
920 2407 1046 2435 cavete
1066 2411 1087 2434 a
1110 2397 1309 2446 marsupiis
1328 2410 1334 2430 :

353 2460 468 2496 soveae
489 2460 626 2496 diaboli
644 2467 743 2496 sunt.
762 2463 840 2495 Heu
856 2487 864 2503 ‚
887 2466 980 2506 quot
997 2458 1032 2493 in
1058 2457 1129 2493 illis
1151 2456 1336 2505 perdidit,

353 2529 446 2568 quot
467 2521 504 2556 in
526 2521 597 2556 illis
628 2519 837 2556 interfecit!
864 2519 1004 2554 Dicitur
1035 2517 1081 2554 de
1110 2517 1224 2562 Juda,
1254 2516 1342 2565 quia

1395 1867 1451 1903 sui
1467 1895 1475 1911 ‚
1499 1879 1582 1902 cum
1606 1865 1782 1901 omnibus
1804 1865 2044 1915 diligentibus
2063 1878 2147 1902 eum
2165 1894 2175 1912 ‚
2195 1865 2242 1901 de
2256 1866 2385 1914 quoin

1397 1924 1715 1974 consequentibus
1737 1924 1874 1960 dicitur
1893 1939 1900 1960 :
1921 1926 2047 1960 Sciens
2069 1926 2175 1960 Jesas
2199 1929 2289 1973 quia
2311 1938 2386 1960 om-

1399 1992 1462 2022 nia
1482 1988 1585 2021 (ledit
1600 1989 1635 2020 ei
1653 1986 1772 2020 Pater
1785 1988 1823 2019 in
1842 1997 1984 2028 luanus,
2008 1992 2043 2019 et
2060 1988 2149 2032 quia
2169 1997 2192 2019 a
2214 1986 2289 2019 Deo
2304 1988 2386 2019 exi-

1400 2050 1443 2081 vil
1464 2055 1498 2080 et
1516 2047 1568 2080 ml
1586 2047 1700 2079 Deum
1726 2044 1853 2087 vadit,
1875 2047 1988 2090 surgit
2016 2056 2039 2078 α
2067 2056 2175 2078 coena
2190 2069 2201 2087 ,
2235 2052 2268 2078 et
2282 2047 2389 2091 ponit

1399 2109 1621 2140 vestitnentcz
1641 2116 1723 2139 sua.
1747 2105 1797 2138 Et
1813 2115 1892 2137 cum
1909 2106 2110 2150 accepisset
2125 2104 2274 2138 limeum
2286 2115 2390 2148 proe-

1400 2168 1524 2199 cinxit
1549 2176 1587 2199 se
1603 2191 1612 2208 ,
1641 2171 1675 2198 et
1708 2166 1807 2197 misit
1825 2174 1960 2209 aquam
1981 2163 2017 2196 in
2033 2163 2170 2210 pelvim
2184 2189 2196 2206 ,
2219 2170 2256 2197 et
2281 2165 2392 2210 eoepit

1402 2228 1527 2259 lavare
1552 2225 1668 2271 pedes
1699 2224 1982 2270 discipulorum,
2012 2230 2049 2256 et
2064 2229 2253 2269 extergere
2279 2224 2392 2256 linteo

1401 2297 1473 2330 quo
1493 2291 1571 2317 erat
1582 2285 1816 2329 praecinctus.
1835 2281 1962 2316 Sciens
1977 2280 2065 2328 quia
2089 2280 2216 2316 omnia
2236 2279 2339 2316 dedit
2358 2281 2391 2315 ei

1405 2346 1512 2378 Pater
1529 2341 1566 2376 in
1587 2353 1732 2385 manus,
1749 2348 1785 2375 et
1802 2338 1901 2375 bona
1914 2347 1951 2375 et
1966 2339 2062 2375 mala
2079 2353 2086 2375 :
2104 2339 2251 2375 malain
2265 2351 2389 2382 usum,

1405 2410 1441 2437 et
1458 2400 1557 2436 bona
1575 2399 1612 2435 in
1629 2400 1803 2435 effectum
1828 2413 1834 2433 :
1859 2398 1905 2434 de
1927 2399 2025 2434 malo
2045 2397 2269 2447 proditionis
2286 2397 2393 2434 Judae

1408 2460 1491 2496 fecit
1523 2458 1663 2494 bonum
1698 2457 1969 2506 redemptionis
1998 2465 2147 2494 nostrae.
2176 2457 2242 2493 Vel
2276 2460 2394 2491 sciens

1407 2523 1495 2566 quia
1525 2521 1653 2552 omnia
1680 2518 1783 2552 (ledit
1806 2521 1839 2551 ei
1870 2518 1985 2551 Pater
2023 2521 2060 2551 in
2086 2529 2217 2551 manus
2234 2530 2248 2559 ,·
2279 2528 2394 2564 quare

357 2581 415 2615 l‘ur
429 2588 532 2623 erat,
552 2588 588 2615 et
609 2578 751 2615 loculos
769 2576 953 2614 liabebat²
971 2606 980 2622 ‚
1002 2585 1072 2612 etc.
1092 2580 1165 2612 Iste
1187 2576 1275 2611 dum
1295 2575 1342 2611 si-
1361 2585 1392 2617 D
1410 2576 1535 2613 onmia
1553 2575 1711 2623 subjecit
1727 2574 1797 2611 sul)
1814 2574 1974 2624 pedibus
1988 2573 2082 2622 ejus,
2104 2586 2194 2610 oves
2211 2581 2248 2610 et
2266 2572 2396 2617 boves,

357 2638 399 2673 tit
429 2638 591 2683 lucrum,
625 2638 743 2673 tendit
773 2637 818 2673 ad
855 2637 1029 2685 laqueum
1059 2650 1065 2670 :
1099 2635 1188 2670 dum
1220 2634 1343 2683 perdit

358 2698 495 2742 vitam,
531 2698 697 2733 lucratur
729 2705 898 2732 mortem.
931 2699 1012 2732 lieu
1033 2723 1043 2739 ‚
1083 2702 1177 2743 quot
1206 2694 1342 2739 loculi,

362 2757 446 2801 lieu,
468 2765 559 2805 quot
580 2757 787 2806 marsurpia
815 2763 901 2792 sunt
920 2756 957 2791 in
983 2753 1216 2790 monasteriis
1230 2753 1345 2789 saneti

366 2816 568 2851 Benedicti!
590 2816 661 2852 lieu
677 2844 686 2861 ,
704 2824 797 2864 quot
815 2814 1009 2859 cucullati,
1029 2826 1142 2862 super
1161 2813 1345 2849 auriculas

365 2875 570 2919 tonsurati,
593 2875 732 2911 habent
758 2875 990 2923 marsupium
1022 2873 1176 2918 mentis,
1206 2871 1346 2908 habent

364 2935 527 2970 loculum
557 2936 719 2985 propi-ise
741 2935 962 2979 voluntatis,
987 2933 1218 2982 marsupium
1247 2945 1349 2968 mur-

364 2994 605 3040 murationis,
623 2994 863 3030 detractionis
876 3023 885 3039 ,
902 2993 1127 3041 vagationis,
1149 2991 1348 3041 superbiae,

364 3062 400 3088 ct
434 3054 584 3097 livoris,
613 3054 784 3098 invidize,
821 3062 857 3089 et
891 3053 996 3089 malae
1026 3051 1251 3087 voluntatis!
1280 3051 1350 3089 Sed

366 3121 610 3158 mementote,
633 3114 764 3149 fratres
793 3112 1044 3155 dilectissimi,
1066 3109 1166 3158 quod
1184 3110 1248 3158 qui
1268 3110 1352 3147 talia

364 3180 501 3219 agunt,
525 3172 660 3208 ,ludam
684 3172 902 3208 traditorem
921 3179 1131 3219 sequuntur
1161 3184 1168 3205 ς
1189 3178 1226 3205 et
1254 3170 1352 3216 ideo,

1409 2637 1562 2684 insuper
1581 2642 1618 2669 et
1635 2647 1767 2683 pecora
1788 2633 1910 2682 campi
1929 2647 1937 2668 :
1959 2642 1994 2668 et
2008 2634 2124 2668 sciens
2149 2636 2239 2680 quia
2265 2645 2288 2667 a
2317 2634 2397 2667 Deo

1409 2699 1522 2730 exivit
1536 2722 1546 2737 ,
1568 2706 1644 2729 non
1666 2705 1751 2728 eum
1773 2692 1974 2737 deserens;
1997 2700 2034 2728 et
2053 2693 2105 2727 ad
2127 2695 2246 2728 Deum
2270 2693 2396 2737 vadit,

1411 2768 1486 2790 non
1520 2766 1589 2789 nos
1625 2752 1921 2801 derelinquens;
1954 2756 2109 2799 surgita
2146 2765 2280 2794 coena,
2325 2759 2396 2787 etc.

1409 2819 1441 2851 Λ
1465 2817 1544 2849 Deo
1578 2812 1714 2855 exivit,
1751 2811 1838 2860 quia
1868 2810 1914 2847 de
1938 2811 2022 2848 sinu
2046 2810 2164 2847 Patris
2186 2809 2223 2845 in
2244 2817 2397 2845 uterum

1416 2873 1534 2909 beatae
1561 2871 1722 2919 Virginis
1750 2871 1852 2906 venit
1873 2885 1880 2906 ε
1902 2871 1989 2919 quia
2010 2883 2093 2906 cum
2121 2870 2159 2905 in
2187 2869 2304 2905 forma
2331 2869 2399 2905 Dei

1417 2940 1525 2975 esset,
1550 2944 1625 2966 non
1648 2931 1816 2979 rapinam
1834 2929 2035 2966 arbitratus
2055 2937 2110 2965 est
2123 2941 2202 2965 esse
2222 2941 2260 2965 se
2274 2941 2401 2977 aequa-

1417 2991 1488 3027 leni
1516 2993 1616 3033 Deo,
1635 2988 1697 3025 sed
1720 2989 1961 3037 semetipsum
1983 2987 2214 3032 exinanivit,
2242 2987 2399 3022 sormam

1417 3048 1513 3086 servi
1535 3047 1740 3097 accipiens,
1768 3047 1803 3082 in
1822 3046 2102 3083 similitudinem
2130 3045 2323 3081 hominum
2348 3045 2401 3080 sa-

1417 3117 1517 3152 ctus,
1552 3115 1588 3143 et
1621 3106 1747 3142 habitu
1785 3107 1961 3143 inventus
1998 3114 2038 3142 ut
2072 3103 2225 3140 liomo3.
2256 3108 2286 3139 Α
2319 3107 2401 3140 Deo

1418 3179 1570 3218 quoque
1593 3165 1729 3210 exivit,
1752 3179 1834 3201 cum
1870 3166 1978 3202 talem
2002 3177 2039 3200 se
2057 3162 2275 3200 hominihus
2302 3176 2400 3213 pra·—

411 3305 416 3317 ¹
442 3297 552 3328 nauh.
575 3309 666 3327 xxvii
686 3324 689 3329 ,
712 3300 740 3327 si.
758 3316 799 3319 -—
819 3304 827 3317 ¹
851 3300 1029 3336 Joau.x11,
1051 3302 1142 3326 6.-
1166 3294 1325 3337 3l¹liilipp.
1348 3300 1447 3332 11,6,
1466 3298 1495 3326 7.
