2504 3928
314 260 322 293 1
342 258 350 292 Ι
1196 252 1458 288 1’R11-212AT10.
2303 243 2345 278 12

318 347 446 386 retani
473 357 632 385 errores
657 356 704 384 ex
736 342 876 383 codice
906 342 1209 393 Longi-Pontis
1242 342 1360 381 nobis
1388 339 1682 393 suppeditavit.
1709 338 1768 378 Dc
1798 335 2022 378 Gillebcrto
2054 332 2200 374 abbate
2228 331 2343 386 quod

319 427 532 476 superest,
570 433 663 461 cum
697 420 738 459 in
767 419 977 459 Gallicano
1004 419 1215 458 Treccnsis
1239 416 1426 457 dioeecsis
1458 415 1706 456 monasterio
1730 413 1942 466 Ripatorio
1974 411 2193 451 decessisse
2222 408 2349 449 tradit

321 500 555 539 Chronieon
573 496 916 538 Clarw-Valleuse
937 495 1000 535 his
1018 495 1154 534 verbis
1177 509 1186 534 ε
1213 514 1227 528 «
1254 496 1375 534 Anno
1393 493 1558 533 Domini
1583 495 1594 531 1
1613 493 1689 532 172
1711 489 1976 537 Gillcbcrtus,
1998 485 2209 539 quondam
2224 475 2369 525 abbas'

326 595 339 607 υ
367 575 418 615 de
442 573 674 622 lloilundia,
701 572 773 624 qui
795 571 891 611 fecit
916 574 1128 610 Sermones
1145 583 1270 624 super
1286 572 1451 611 Cantica
1471 570 1725 610 canticorum
1748 568 1788 606 iu
1811 565 1982 606 modum
2007 564 2114 604 beati
2134 561 2350 612 Bernardi,

327 672 341 683 ι»
367 650 479 704 apud
502 649 760 702 Ripatorium
781 647 898 687 obiit.
919 666 933 680 n
957 647 1029 687 llis
1047 647 1312 687 sermonibus
1330 646 1611 699 subjiciuntur
1631 644 1803 698 quidam
1828 645 2065 692 Tractatus‚
2086 644 2127 680 ct
2145 637 2354 679 nonnulloe

320 727 504 781 ejusdem
530 726 710 766 auctoris
745 724 933 778 Epistola}
964 739 972 764 :
1001 737 1093 777 quae
1117 725 1255 765 omnia
1275 726 1453 764 Joanncs
1475 723 1633 762 l’itscus
1664 722 1706 760 in
1734 720 1843 760 libro
1864 718 1915 759 de
1937 715 2171 758 illustribus
2196 713 2353 767 Angliae

322 803 602 857 scriptoribus
627 802 824 843 indicavit
849 814 944 842 cum
972 802 1063 841 aliis
1099 803 1228 855 ipsius
1251 800 1465 841 Gilleberti
1497 795 1913 839 commentationibus
1943 797 1984 834 in
2015 793 2285 841 Psalterium,
2313 790 2357 830 in

327 880 588 929 Matthaeum,
623 880 663 918 in
688 877 888 931 Epistolas
908 878 1050 927 Pauli,
1077 882 1154 917 etc.
1176 877 1245 916 ubi
1282 876 1435 916 librum
1472 876 1568 915 item
1591 887 1719 915 unum
1747 874 1799 914 dc
1821 874 1914 912 Vita
1939 874 1977 912 S.
1998 868 2198 911 Bernardi
2223 867 2356 908 eidem

324 956 472 997 tribuit
495 960 584 1008 post
617 955 843 994 Gesnerum
864 968 872 993 z
899 955 972 1006 qui
992 953 1096 993 liber
1114 953 1286 993 sortasse
1306 965 1388 992 nou
1406 952 1511 992 alius
1533 953 1608 1003 sit,
1634 964 1759 1004 quam
1778 950 1882 990 liber
1899 948 2109 989 Guillelmi
2133 959 2155 986 a
2180 948 2352 986 Sancto-

323 1032 574 1073 Thcoderico
604 1031 654 1071 (le
682 1031 758 1071 hoc
784 1035 1040 1082 argumento.
1064 1030 1190 1071 Plura
1209 1029 1260 1070 dc
1291 1028 1516 1070 Gillcberto
1542 1028 1693 1068 videsis
1719 1026 1830 1080 apud
1853 1027 2013 1067 Sixtum
2041 1027 2280 1074 Senenscm‚
2313 1026 2354 1062 et

328 1109 441 1162 apud
462 1108 693 1149 Mauricum
719 1106 769 1147 ad
793 1119 949 1146 annum
977 1108 1105 1157 1163,
1135 1119 1225 1159 cap.
1250 1108 1289 1147 3.
1769 1147 1773 1152 ,

385 1187 454 1225 IV.
479 1187 525 1225 ln
550 1185 638 1224 istis
658 1183 870 1224 Gillebcrti
889 1183 1153 1224 sermonibus
1179 1183 1308 1223 multa
1325 1186 1550 1223 occurrunt
1573 1182 1614 1220 iu
1632 1181 1776 1234 primis
1794 1180 1901 1220 lectu
1919 1183 1960 1220 et
1978 1178 2264 1220 observatione
2282 1175 2349 1216 di-

323 1272 403 1311 gna
417 1259 468 1300 ad
486 1271 648 1298 morum
665 1258 974 1298 a·di1icationem
990 1289 1000 1308 ‚
1022 1271 1104 1299 non
1122 1257 1256 1297 solum
1273 1270 1349 1311 pro
1365 1257 1576 1298 monacbis
1588 1286 1599 1307 ‚
1620 1256 1691 1297 sed
1710 1257 1832 1297 ctiam
1848 1254 2226 1309 pro-ecclesiasticis
2240 1253 2358 1293 viris.

324 1336 475 1376 Contra
493 1348 561 1376 eos
580 1336 654 1388 qui
675 1334 767 1387 plus
790 1334 970 1384 lectioni,
990 1345 1115 1386 quam
1136 1333 1361 1386 precationi
1386 1319 1600 1383 tribuunt,
1618 1334 1659 1372 in
1679 1345 1866 1373 sermone
1886 1335 1908 1374 7
1928 1332 2124 1385 praeclara
2138 1330 2360 1380 habentur,

325 1427 440 1454 num.
460 1415 501 1455 2.
522 1413 665 1465 Qualis
684 1412 831 1453 debeat
857 1425 944 1453 esse
965 1413 1303 1452 concionatorum
1333 1411 1465 1451 oratio
1480 1440 1490 1460 ,
1510 1409 1630 1450 docet
1652 1422 1786 1451 sermo
1811 1412 1858 1450 16
1872 1440 1882 1460 ‚
1903 1421 2018 1450 num.
2039 1411 2079 1449 5.
2099 1410 2238 1449 Sermo
2257 1418 2357 1446 vero

323 1504 500 1545 sequens
522 1491 824 1544 praedicationis
843 1489 1029 1529 officium
1049 1500 1132 1528 uon
1149 1487 1260 1528 ultro
1276 1501 1299 1528 a
1317 1500 1531 1542 quoquam
1546 1487 1813 1541 captandum.
1833 1489 1886 1528 At
1903 1498 2090 1527 sermone
2111 1487 2181 1536 26,
2200 1495 2302 1525 num
2318 1485 2360 1533 2,

326 1569 488 1620 egregie
512 1567 755 1621 perstringit
774 1571 918 1606 auctor
939 1566 1268 1615 concionatores,
1292 1563 1483 1617 plausum
1505 1569 1545 1604 et
1563 1563 1781 1616 gloriolam
1813 1568 2027 1604 sectantes.
2049 1561 2210 1603 Ibidem
2238 1561 2363 1601 etiam

325 1644 427 1686 utile
448 1643 603 1685 eisdem
623 1644 826 1684 monitum
844 1642 940 1693 dat,
963 1646 1009 1682 ut
1031 1642 1248 1682 conciones
1265 1653 1360 1682 suas
1377 1641 1429 1682 ad
1447 1646 1616 1694 captum
1638 1645 1679 1681 et
1699 1641 1918 1681 utilitatem
1937 1639 2176 1680 auditorum
2192 1636 2362 1679 confor-

325 1726 452 1762 ment.
475 1722 566 1761 Huc
585 1721 707 1761 etiam
727 1720 936 1773 pertinent
953 1731 1086 1759 sermo
1102 1720 1149 1759 31
1172 1750 1183 1769 ,
1211 1731 1326 1758 num.
1347 1720 1386 1769 4,
1412 1723 1452 1758 et
1473 1730 1607 1758 sermo
1627 1719 1695 1768 36,
1722 1730 1837 1758 uum.
1856 1720 1895 1758 5.
1918 1715 2171 1758 Admirabile
2191 1714 2286 1754 vitae
2300 1724 2366 1753 re-

326 1798 479 1849 ligiosae
513 1797 718 1850 specimen
743 1795 911 1836 exhibet
938 1807 1072 1835 sermo
1100 1796 1178 1846 233
1202 1798 1242 1835 et
1265 1806 1453 1835 sermone
1473 1795 1681 1847 45,n11n3.
1713 1795 1737 1834 8
1755 1825 1765 1844 ‚
1790 1794 1976 1847 apprime
1999 1789 2365 1845 reprehenduntur

326 1875 508 1929 proelati,
533 1875 644 1916 curis
669 1878 710 1914 et
731 1872 855 1913 rebus
883 1872 1179 1925 temporalibus
1207 1872 1301 1924 plus
1330 1883 1448 1925 oequo
1468 1869 1612 1910 dediti.
1640 1868 1704 1910 Ad
1729 1869 1834 1918 haec,
1870 1868 2078 1910 scribendi
2103 1867 2290 1908 studium
2321 1867 2364 1906 in

329 1950 542 1990 monacbis
558 1948 871 1990 commendatur
887 1961 1074 1989 sermone
1096 1950 1147 1990 47
1171 1963 1179 1988 :
1200 1953 1241 1988 at
1259 1946 1467 1988 scribendi
1485 1946 1752 1986 nihilomiuus
1772 1946 2006 1987 facultatem
2022 1958 2106 1986 non
2123 1945 2256 1985 cuivis
2277 1955 2365 1984 esse

327 2025 629 2067 concedendam
644 2023 925 2077 subjungitur.
946 2024 1149 2064 Caeterum
1170 2023 1351 2075 theologi
1371 2023 1549 2075 elogium
1564 2054 1574 2073 ,
1593 2022 1708 2076 quod
1728 2024 1976 2063 recentiores
1992 2022 2127 2062 eidem
2141 2019 2367 2062 Gilleberto

327 2101 546 2150 tribuunt,
567 2098 839 2151 comprobant
857 2099 969 2137 varia
986 2099 1028 2137 in
1046 2097 1200 2137 eisdem
1220 2099 1486 2139 sermonibus
1507 2099 1615 2149 loca,
1636 2100 1678 2139 in
1696 2101 1842 2152 primis
1859 2112 1952 2153 quae
1969 2099 2020 2139 de
2037 2098 2170 2139 libero
2189 2097 2366 2138 arbitrio

330 2177 525 2229 leguntur
554 2176 595 2214 in
615 2186 802 2214 sermone
823 2175 898 2224 39,
923 2177 963 2213 ct
992 2185 1085 2226 quoe
1110 2172 1161 2215 dc
1187 2174 1452 2214 sanctissimae
1475 2173 1744 2214 Eucharistiae
1767 2178 2020 2214 sacramento
2043 2173 2086 2212 in
2106 2183 2294 2213 sermone
2317 2173 2340 2212 7
2356 2201 2367 2221 ‚

329 2263 446 2292 num.
472 2252 511 2291 8.
535 2249 759 2289 Ardentem
777 2261 823 2289 ac
838 2261 988 2301 purum
1005 2248 1187 2302 ejusdem
1204 2250 1385 2290 auctoris
1403 2249 1536 2289 zelum
1557 2249 1817 2290 commendat
1835 2262 1969 2290 sermo
1990 2252 2044 2290 30
2057 2281 2067 2300 ,
2096 2248 2170 2289 ubi
2187 2248 2369 2289 Alexan-

328 2328 453 2368 drum
480 2328 540 2367 Ill
562 2325 799 2379 pontificem
818 2337 990 2377 arguere
1008 2338 1090 2364 uon
1116 2329 1296 2365 veretur.
1317 2325 1506 2378 Denique
1534 2337 1617 2365 non
1646 2325 1818 2365 minoris
1847 2326 2046 2366 momenti
2067 2329 2165 2366 sunt
2187 2323 2371 2378 ejusdem

330 2405 543 2443 'l'ractatus
569 2406 609 2441 ct
628 2400 837 2454 lipistolae.

389 2481 438 2518 V.
466 2480 526 2519 De
560 2475 909 2530 subsequentibus
940 2474 1160 2528 Opusculis
1186 2487 1268 2516 uon
1302 2480 1364 2516 est
1394 2487 1556 2517 neccsse
1579 2475 1738 2517 diutius
1762 2477 1927 2529 praefari
1957 2477 2034 2518 hoc
2058 2478 2162 2528 loco,
2198 2476 2372 2530 quando

333 2554 508 2605 siugulis
530 2553 708 2607 praefixae
731 2557 828 2593 sunt
854 2551 1167 2592 Admouitioues
1181 2583 1191 2602 ‚
1217 2565 1310 2605 quae
1330 2552 1528 2605 longioris
1546 2553 1803 2593 Proet'atiouis
1823 2554 1953 2594 vicem
1971 2553 2163 2606 supplere
2181 2556 2371 2606 possunt.

339 2634 496 2673 llorum
515 2632 702 2672 omnium
717 2634 960 2684 argumenta
982 2629 1115 2669 fusius
1132 2629 1354 2683 explicabit
1376 2628 1506 2670 Index
1530 2630 1697 2682 utrique
1722 2634 1834 2670 tomo
1851 2631 2016 2670 exeunti
2039 2628 2263 2682 subjectus.
