2418 3949
158 235 251 272 1061

151 312 358 361 nequitiam
380 325 485 349 suam
507 312 544 348 in
563 324 682 362 genus
697 313 902 349 humanum
925 320 1145 358 exerceant3

750 238 816 272 DE
844 237 1018 273 TRIBUS
1046 236 1314 273 PRAECIPUIS
1343 239 1609 275 MYSTERIIS.

1157 310 1206 328 ⁸³2

2106 241 2207 276 1002

1217 311 1425 360 glorificato
1450 329 1457 350 :
1476 315 1514 350 in
1533 323 1672 363 quanta
1693 316 1881 361 claritate,
1904 317 1942 353 in
1965 328 2103 367 quanta
2124 323 2208 358 vul-

151 371 399 421 Archangeli‚
430 385 514 408 cum
542 385 687 408 summa
712 373 891 421 mysteria
921 372 1058 408 divinae
1078 384 1147 408 vo·
1168 370 1198 403 A
1217 378 1276 406 tus
1303 379 1340 407 et
1369 374 1530 409 vestium
1561 383 1758 411 venustate
1784 386 2043 425 apparuerunt
2072 381 2207 416 sanctis

150 430 304 467 luntatis
335 430 579 467 inferioribus
607 431 800 480 spiritibus
828 432 1004 467 nuntiare
1032 429 1148 467 habe-

151 498 230 535 ant,
253 499 290 526 et
307 490 458 528 eosdem
476 490 677 527 inferiores
696 491 850 540 spiritus
863 503 910 526 ex
927 489 1150 526 auctoritate

150 549 198 586 ad
227 549 400 586 homines
425 549 598 595 mittant;
621 550 776 599 Angeli,
804 549 890 586 licet
915 561 1065 598 semper
1088 548 1148 584 vi-

150 608 266 645 deant
296 609 427 645 faciem
458 608 578 646 Patris
604 609 672 658 qui
699 609 738 644 in
770 609 873 646 coelis
902 616 981 644 est:
1003 608 1066 653 hi,
1085 608 1146 644 in-

149 679 278 715 quam,
299 679 431 703 omnes
449 667 568 703 sancti
593 665 792 703 beatorum
815 666 1017 716 spirituum
1042 666 1147 703 ordi—

149 738 236 772 nes,
262 726 434 775 quamvis
452 725 695 775 perfruantur
713 724 966 771 beatitudine,
985 734 1027 762 ut
1053 726 1144 762 nihil

149 786 203 822 eis
223 785 319 822 desit
335 798 356 821 a
379 797 525 820 summa
548 784 740 830 felicitate3
759 785 916 834 gloriam
938 793 1061 821 tamen
1081 798 1143 822 sa-

147 844 310 882 cerdotis
344 851 592 888 reverentur,
627 843 862 880 admirantur
895 843 1112 892 dignitatem
1133 873 1143 891 ,

147 903 287 940 cedunt
312 902 532 953 privilegio,
554 903 746 939 honorant
763 903 984 953 potentiam.

201 962 264 999 24.
290 965 321 1000 Ο
342 975 461 1012 genus
487 962 778 998 ecclesiasticum
792 991 802 1008 ,
825 963 947 1012 regale
969 961 1144 999 sacerdo-

148 1022 241 1058 tium
254 1049 264 1067 ,
286 1034 377 1071 gens
396 1029 544 1066 sancta,
569 1022 735 1071 populus
765 1022 1042 1071 acquisitionis,
1063 1022 1143 1058 vir-

1215 430 1437 468 mulieribus
1465 434 1681 482 sepulcrum
1707 434 1967 481 visitantibus,
2002 446 2039 473 et
2068 451 2206 488 corpus

1214 489 1505 538 requirentibus.
1534 492 1669 528 Procul
1697 492 1814 529 dubio
1835 495 1928 531 scire
1948 495 2062 533 debes
2075 526 2083 542 ,
2101 499 2205 547 quod

1213 548 1242 583 si
1263 556 1303 584 tu
1323 549 1421 585 idem
1442 551 1679 588 Dominicum
1706 565 1861 602 corpus,
1878 554 1955 603 jam
1984 570 2097 606 supra
2123 572 2206 595 mo-

1212 606 1302 642 dum
1330 608 1561 657 gloriosum,
1595 618 1633 646 et
1664 610 1701 646 in
1736 613 1839 648 coelis
1875 627 2057 663 regnans,
2091 626 2128 653 ct
2158 618 2205 654 ad

1211 665 1403 703 dexteram
1424 668 1544 704 Patris
1568 668 1860 706 honorificatum
1891 672 2003 721 digne
2026 682 2207 713 tractave-

1210 724 1283 768 ris,
1303 725 1487 762 mundum
1504 735 1541 763 et
1560 740 1701 763 novum
1723 729 1938 777 sepulcrum
1964 732 2019 768 tui
2036 736 2207 783 corporis

1209 785 1502 834 praeparaveri53
1530 786 1610 835 ipsa
1639 788 1872 836 Angelorum
1898 802 1973 826 non
1997 791 2117 829 deerit
2139 794 2206 831 tibi

1210 843 1388 892 frequens
1421 844 1615 890 custodia,
1652 847 1814 882 animam
1847 856 1946 884 tuam
1975 850 2205 898 servabunt,

1209 913 1349 950 corpus
1376 901 1665 950 gubernabunt,
1697 903 1735 939 in
1762 904 1941 942 omnibus
1966 907 2036 943 viis
2067 909 2138 944 tuis
2171 918 2206 945 te

1208 969 1430 1010 protegent3
1452 970 1489 997 et
1507 962 1633 999 dicent
1652 962 1718 998 tibi
1739 964 1887 1012 tuisque
1901 965 2086 1003 similibus
2103 983 2110 1004 :
2133 972 2206 1005 Vos

1208 1020 1329 1056 sanc-ti
1346 1021 1500 1057 Domini
1513 1020 1756 1066 vocabimini,
1771 1023 1930 1060 ministri
1946 1026 2015 1061 Dei
2031 1028 2148 1063 nostri
2165 1035 2204 1063 ¹⁰.

148 1089 247 1118 tutes
266 1082 488 1118 annuntiate
513 1080 594 1130 ejus
614 1081 680 1131 qui
703 1094 773 1118 vos
792 1082 940 1118 vocavit
959 1081 1005 1118 de
1034 1089 1144 1118 tene-
1163 1075 1191 1110 B
1208 1078 1304 1115 Vide
1330 1092 1421 1129 ergo
1448 1093 1496 1116 ne
1520 1088 1648 1129 tangas
1674 1081 1768 1117 illud
1789 1083 2034 1130 sacrificium,
2055 1086 2123 1122 nisi
2144 1088 2207 1123 in-

146 1139 225 1178 bris
250 1141 290 1178 in
318 1141 539 1178 admirabile
566 1141 694 1177 lumen
726 1154 835 1178 suum
852 1147 860 1163 ¹
892 1149 930 1178 et
953 1140 1145 1177 ineffabile

147 1200 368 1249 mysterium
385 1213 509 1237 suum.
523 1204 598 1238 Vos
612 1201 700 1238 estis
712 1201 780 1237 lux
800 1200 932 1237 mundi
946 1228 955 1245 ‚
975 1213 1043 1237 vos
1058 1200 1146 1237 estis

145 1259 198 1296 sal
217 1268 326 1296 terrae
343 1265 368 1296 ².
386 1260 527 1297 Levitis
544 1259 694 1305 dicitur,
711 1261 972 1304 Mundamini,
991 1257 1146 1307 quifer-

145 1323 192 1355 tis
206 1333 304 1354 vasa
319 1322 474 1355 Domini
483 1318 496 1342 3
513 1332 521 1354 ε
544 1317 653 1355 vobis
670 1318 876 1355 dicendum
895 1327 950 1355 est
961 1347 971 1365 ,
988 1318 1147 1356 Munda-

146 1377 260 1424 mini,
280 1377 346 1427 qui
361 1377 449 1414 estis
467 1390 555 1414 vasa
569 1377 741 1414 Domini.
760 1377 979 1416 Glorificate
999 1386 1036 1414 et
1052 1390 1145 1427 por-

146 1445 221 1473 tate
240 1440 361 1473 Deum
379 1437 416 1472 in
443 1449 606 1485 corpore
623 1444 751 1472 vestro
763 1436 789 1472 4.
810 1439 886 1473 Vos
909 1437 1020 1485 elegit
1042 1440 1145 1474 Deus

145 1497 184 1532 in
219 1496 474 1532 liaereditatem
508 1494 591 1531 sibi.
627 1499 670 1532 In
702 1494 810 1532 vobis
842 1495 1023 1544 sepelitur
1050 1494 1144 1532 illud

145 1568 285 1605 corpus
304 1555 510 1605 gloriosum
528 1562 565 1590 et
584 1555 834 1603 glorificatum
847 1583 856 1600 ,
877 1554 980 1603 quod
997 1555 1086 1591 olim
1103 1555 1143 1591 in

144 1615 392 1664 Jerosolymis
425 1622 481 1650 est
511 1614 700 1663 sepultum
736 1613 908 1650 exanime
939 1622 976 1650 et
1009 1613 1145 1650 defun—

144 1683 259 1712 ctum.
282 1677 390 1712 Certe
407 1681 556 1710 sanctus
580 1673 642 1709 ille
662 1673 804 1723 Joseph
824 1673 950 1709 noluit
968 1673 1064 1710 illud
1087 1686 1145 1710 se-

143 1733 262 1784 pelire
287 1733 358 1770 nisi
377 1732 416 1768 in
446 1731 622 1782 sepulcro
657 1745 779 1778 novo,
804 1732 844 1768 in
873 1745 949 1781 quo
975 1732 1145 1770 nondum

143 1793 342 1843 quisquam
357 1792 503 1843 positus
518 1791 640 1828 suerat
652 1820 661 1837 ,
680 1791 824 1828 studuit
840 1792 935 1828 illud
951 1793 1146 1830 involvere

1210 1151 1351 1175 nocens
1374 1138 1549 1175 manibus
1569 1148 1606 1176 et
1623 1140 1766 1176 mundo
1783 1141 1897 1178 corde
1915 1158 1923 1179 :
1942 1144 2107 1193 alioquin
2125 1146 2206 1195 ipse

1210 1197 1310 1234 dicet
1341 1197 1428 1244 tibi,
1457 1198 1540 1236 Noli
1570 1212 1629 1236 me
1653 1208 1825 1248 tangere,
1855 1202 1942 1250 quia
1974 1211 2093 1240 tactus
2123 1214 2207 1241 tuus

1212 1258 1428 1308 contagium
1449 1266 1515 1295 est.

1578 1437 1754 1477 CAPL‘T
1783 1439 1833 1477 X.

1211 1559 1258 1587 De
1273 1556 1475 1588 meditatione
1488 1556 1669 1595 sacerdotis,
1683 1569 1737 1589 seu
1751 1559 1978 1601 przeparatione
1988 1564 2052 1603 ejus
2066 1563 2104 1594 ad
2118 1564 2207 1606 digne

1429 1610 1648 1643 celebrandum
1666 1618 1786 1643 tantum
1801 1613 1990 1655 mysterium.

1266 1735 1329 1772 26.
1362 1735 1566 1781 Meditare,
1589 1736 1722 1773 dilecte
1751 1738 1819 1773 Dei
1846 1739 2042 1786 sacerdos,
2060 1750 2096 1777 ct
2125 1755 2206 1778 me—

1212 1793 1343 1830 ditatio
1375 1795 1501 1831 cordis
1540 1795 1593 1831 tui
1624 1808 1774 1845 semper
1803 1797 1872 1842 sit,
1905 1798 2008 1847 quod
2043 1803 2206 1837 Joannes

142 1854 183 1890 in
215 1851 375 1890 sindone
400 1850 543 1888 munda
559 1849 585 1886 ⁵.
608 1854 672 1888 Vae
694 1850 785 1897 tibi,
810 1851 840 1888 si
866 1864 943 1888 non
976 1852 1148 1902 posueris
1168 1853 1194 1889 C
1213 1854 1378 1904 Baptista
1414 1867 1628 1903 praecursor
1662 1856 1834 1902 Domini,
1868 1858 2010 1896 amicus
2042 1862 2176 1910 Sponsi
2194 1889 2203 1905 ,

142 1911 235 1949 illud
266 1911 304 1948 in
339 1911 516 1961 sepulcro
542 1923 666 1957 novo,
692 1911 752 1947 vel
778 1911 908 1948 saltem
935 1911 1144 1949 innovato:

142 1971 180 2007 id
201 1979 277 2016 est,
304 1970 344 2007 in
374 1982 536 2020 corpore
565 1983 586 2006 a
611 1970 778 2019 peccatis
803 1970 955 2019 penitus
978 1971 1144 2018 mundo;

142 2031 222 2078 vel,
244 2031 274 2067 si
293 2031 476 2080 peccasti,
495 2042 565 2080 per
585 2030 846 2079 poenitentiam
869 2038 906 2066 et
926 2031 1146 2067 satisfactio-

143 2103 230 2126 nem
249 2089 447 2127 mundato.
467 2092 532 2125 Vae
550 2088 639 2134 tibi,
658 2089 688 2125 si
706 2102 782 2126 non
804 2089 977 2139 posueris
995 2089 1086 2126 illud
1106 2089 1145 2126 in

141 2148 302 2186 sindone
316 2149 480 2195 munda;
497 2148 537 2185 id
552 2157 628 2194 est,
648 2149 877 2185 conscientia
893 2148 940 2186 ab
957 2150 1061 2185 omni
1077 2151 1144 2186 im·

141 2208 326 2245 munditia
346 2209 498 2258 penitus
525 2208 703 2245 defaecata
720 2217 757 2246 et
774 2208 959 2246 absoluta.
984 2212 1067 2246 Non
1095 2208 1144 2246 sit

139 2268 179 2305 in
202 2281 364 2318 corpore
381 2276 446 2305 tuo
462 2268 666 2304 conventio
684 2268 820 2306 Christi
837 2268 884 2305 ad
904 2269 1018 2305 Belial
1035 2296 1044 2314 ,
1065 2281 1144 2304 non

139 2328 187 2365 sit
217 2341 424 2365 consensus
449 2329 519 2365 Dei
549 2341 634 2365 cum
662 2327 791 2374 idolis,
812 2341 891 2364 non
920 2328 967 2364 sit
986 2328 1144 2365 societas

139 2387 213 2424 luci
227 2387 273 2424 ad
292 2386 514 2433 tenebras⁶;
532 2395 727 2437 peccatum
742 2400 819 2423 non
842 2395 974 2437 regnet
990 2387 1028 2423 in
1045 2400 1145 2424 mor-

141 2446 203 2483 tali
222 2459 383 2496 corpore
409 2454 473 2484 tuo
489 2453 502 2477 7
531 2461 539 2483 :
568 2454 606 2482 et
630 2447 682 2483 sic
708 2445 902 2483 dedicabis
925 2445 1144 2484 venerabile

137 2506 354 2556 sepulcrum
383 2505 556 2552 Christo,
588 2506 771 2556 templum
800 2506 957 2555 Spiritui
996 2514 1140 2543 sancto.

143 2568 359 2614 Templum,
383 2566 506 2615 inquit
535 2566 761 2615 Apostolus,
793 2569 949 2602 Domini
972 2575 1140 2602 sanctum

138 2634 214 2670 est,
247 2627 348 2673 quod
375 2631 462 2661 estis
492 2625 586 2661 ·υο,ς8
608 2634 673 2662 :et
701 2627 860 2670 iterum,
891 2630 952 2662 Αιι
978 2630 1137 2671 nescitis,

137 2688 228 2733 quia
247 2697 400 2732 corpora
414 2692 537 2719 nostra
552 2687 693 2732 templa
711 2694 798 2720 sunt
810 2687 982 2729 Domini,
1002 2694 1038 2721 et
1054 2687 1138 2733 Spi-

139 2748 229 2779 ritus
251 2752 399 2778 sanctus
416 2741 560 2778 habitat
579 2747 617 2778 in
642 2743 800 2779 nobisv?
819 2744 856 2781 Si
878 2743 951 2780 hoc
969 2757 1058 2780 vere
1078 2744 1138 2781 di-

138 2802 237 2839 citur
265 2801 311 2838 de
340 2801 511 2851 quolibet
544 2802 764 2839 charitatem
795 2802 959 2839 habente
977 2831 987 2848 ‚
1018 2804 1138 2840 multo

138 2863 302 2912 amplius
317 2862 391 2899 dici
412 2861 524 2898 debet
542 2862 588 2898 de
608 2862 804 2899 sacerdote
824 2865 906 2899 Deo
926 2863 1111 2912 placente.

193 2922 254 2959 25.
285 2921 482 2972 Perpende
508 2931 545 2958 et
571 2922 725 2959 attende
750 2923 884 2968 etiam,
912 2922 1048 2958 devote
1075 2935 1136 2959 sa-

138 2980 273 3018 cerdos
290 3009 300 3026 ‚
336 2989 478 3030 quanta
512 2981 704 3030 diligentia
722 3010 731 3027 ,
768 2989 909 3031 quanta
943 2981 1136 3030 vigilantia

138 3041 257 3077 sancti
293 3040 426 3089 Angeli
458 3048 735 3077 conservarunt
775 3041 902 3076 locum
950 3041 1133 3089 sepulcri,

138 3113 300 3150 corpore
330 3100 532 3137 Dominlco
560 3099 638 3148 jam
664 3099 837 3145 sublato,
869 3099 1040 3136 redivivo
1058 3128 1068 3144 ,
1099 3107 1136 3135 et

188 3236 198 3251 ¹
216 3233 230 3261 1
247 3233 328 3262 Petr.
349 3242 394 3268 ιι,
413 3234 448 3262 9.
463 3249 507 3254 -—
526 3237 537 3252 ²
552 3231 669 3263 Matth.
692 3243 723 3265 v,
746 3234 782 3262 14
801 3255 808 3267 ,
830 3234 883 3261 13.
902 3249 944 3253 -
970 3229 982 3251 ³
1004 3230 1074 3261 lsai.
1098 3241 1142 3260 ιιι
1157 3254 1164 3266 ,
1195 3233 1246 3262 11.
1261 3248 1302 3252 -
1326 3231 1339 3256 4
1361 3233 1373 3261 1
1392 3232 1463 3261 Cor.
1487 3242 1518 3260 vi
1534 3255 1541 3266 ,
1566 3235 1619 3262 20.
1647 3249 1687 3253 -
1708 3229 1720 3252 5
1736 3231 1851 3263 Manli.
1872 3243 1961 3261 xxx-u
1978 3257 1985 3269 ‚

1212 1913 1496 1963 paranymphus
1514 1927 1682 1963 sponsae,
1706 1916 1908 1965 propheta,
1930 1926 1967 1954 et
1992 1919 2076 1968 plus
2092 1933 2203 1968 quam

1212 1973 1417 2023 propheta,
1439 1974 1476 2009 in
1505 1982 1613 2011 utero
1643 1975 1913 2022 sanctificatus,
1935 1978 1971 2013 in
1998 1991 2125 2015 eremo
2142 1979 2208 2028 ju-

1212 2033 1414 2078 stificatus;
1438 2032 1498 2068 hic
1519 2041 1664 2078 tantus,
1690 2042 1761 2070 tam
1782 2036 1961 2084 praecipui
1981 2038 2116 2082 meriti,
2135 2046 2207 2074 tam

1211 2091 1452 2140 singulariter
1485 2092 1736 2129 sanctificatus
1765 2096 2038 2141 contremiscit,
2068 2106 2104 2133 et
2131 2110 2206 2133 non

1211 2150 1325 2187 audet
1352 2159 1503 2200 tangere
1527 2160 1696 2187 sanctum
1724 2153 1793 2189 Dei
1816 2154 2020 2199 verticem,
2040 2156 2104 2191 sed
2130 2157 2204 2193 cla-

1209 2218 1285 2246 mat
1314 2223 1399 2247 cum
1422 2219 1585 2247 tremore
1606 2225 1613 2247 ε
1635 2212 1833 2248 Sanctifica
1860 2226 1939 2258 me,
1966 2214 2139 2251 Salvator
2157 2222 2198 2250 ¹¹.

1209 2270 1391 2308 Meditare
1423 2270 1526 2320 quod
1552 2274 1684 2307 Petrus
1713 2272 1974 2309 clavicularius
1999 2275 2102 2323 regni
2127 2289 2203 2312 coe-

1209 2330 1332 2367 lorum
1368 2343 1389 2366 a
1426 2330 1589 2366 Domino
1629 2330 1870 2380 designatus,
1908 2336 2039 2370 Pastor
2073 2336 2201 2372 ovium

1210 2388 1307 2425 trina
1326 2388 1538 2425 dilectionis
1550 2389 1786 2426 consessione
1797 2391 2036 2438 constitutus,
2046 2402 2083 2429 et
2100 2394 2206 2443 prin-

1207 2460 1296 2497 ceps
1332 2449 1605 2498 Apostolorum
1639 2449 1921 2498 praefiguratu53
1958 2452 1995 2487 in
2035 2453 2204 2502 periculo

1207 2507 1360 2551 mortis,
1392 2507 1586 2556 naufragio
1617 2508 1882 2555 incumbente,
1909 2511 2056 2559 positus
2088 2525 2203 2561 penes

1205 2566 1411 2603 Dominum
1439 2567 1707 2616 approximare
1730 2568 1943 2616 pertimuit,
1970 2577 2007 2605 et
2031 2583 2069 2606 se
2092 2572 2202 2608 clon-

1162 2628 1194 2662 D
1208 2638 1296 2674 gare
1315 2624 1363 2661 ab
1382 2638 1428 2662 eo
1446 2638 1524 2674 prae
1542 2625 1744 2662 formidine
1764 2626 1885 2662 voluit
1905 2626 2034 2664 dicens
2056 2644 2063 2664 :
2085 2632 2166 2665 Eri
2180 2648 2203 2667 a

1203 2698 1274 2728 me,
1299 2687 1469 2728 Domine,
1493 2689 1584 2732 quia
1602 2694 1783 2732 peccator
1799 2699 1877 2720 sum
1896 2692 1937 2721 ¹².
1956 2690 2121 2724 Joannes
2144 2690 2204 2726 illc

1203 2743 1345 2779 electus
1365 2751 1403 2778 et
1422 2742 1660 2791 praedilectus
1683 2743 1900 2792 discipulus,
1918 2745 1981 2792 qui
2002 2758 2114 2795 supra
2130 2761 2197 2797 pe-

1204 2811 1286 2840 ctus
1307 2802 1461 2838 Domini
1491 2803 1527 2838 in
1550 2816 1656 2838 coena
1677 2802 1872 2848 recubuit,
1890 2804 1949 2839 cui
1971 2805 2138 2843 Christus
2163 2809 2199 2845 in

1206 2874 1318 2899 cruce
1341 2865 1497 2898 Matrem
1524 2862 1714 2909 Virginem
1742 2862 1875 2911 xirgini
1898 2865 2202 2909 commendam-it,

1206 2922 1265 2958 cui
1296 2920 1538 2956 nihilominus
1561 2919 1683 2957 adhuc
1702 2921 1737 2956 in
1758 2922 1906 2957 mortali
1926 2936 2038 2959 carne
2059 2927 2202 2962 eonsti-

1204 2989 1285 3016 tuto
1308 2979 1470 3015 revelata
1500 2987 1587 3015 sunt
1609 2989 1751 3016 secreta
1773 2981 1962 3025 coelestim
1987 2983 2065 3032 ipse
2085 2997 2199 3034 supra

1203 3039 1355 3076 modum
1388 3039 1568 3087 gloriatus
1597 3048 1651 3075 est
1680 3040 1726 3075 de
1753 3041 1834 3076 solo
1857 3041 2007 3086 auditu,
2029 3044 2110 3079 visu
2138 3059 2199 3081 ex-

1203 3099 1364 3135 trinseco
1394 3106 1430 3134 et
1465 3106 1564 3134 tactu
1594 3099 1783 3136 Dominici
1814 3102 2003 3150 corporis,
2037 3102 2163 3140 diceus
2192 3122 2198 3141 :

2010 3238 2049 3263 ,ἰξὶ
2066 3257 2072 3266 ,
2092 3239 2134 3262 fin
2147 3259 2152 3266 ,
2170 3243 2197 3264 t'l

139 3286 232 3315 Joan.
252 3281 1643 3321 xix,4l.——⁶IICor.v1,15.15.-—:·Ron=.n,12.—-⁸1C0r.m,17.—
1669 3283 1753 3314 9ld.
1780 3286 2193 3318 v1.l{).—··¹1‹ai.1x1.

143 3340 230 3366 6.-
252 3342 278 3357 ¹¹
296 3335 409 3367 Manli.
431 3347 468 3366 ιιι
484 3361 492 3373 ,
515 3340 567 3367 ll«.
585 3356 627 3360 -—-
649 3343 677 3359 ¹²
696 3341 766 3368 Luc.
790 3348 819 3372 v,
848 3340 878 3366 8.
