2504 3928
941 200 1103 234 SERMO
1134 200 1194 233 DF.
1224 201 1257 234 S.
1290 200 1483 233 noum
1520 199 1777 235 At‘Os't'ollo.

2286 203 2379 237 tius

879 512 905 549 S
914 511 1021 549 ERN
1031 512 1065 549 0
1095 510 1307 550 NICOLAI
1337 509 1840 549 CLARAE-VALLENSIS.

481 695 601 783 [N
685 690 1060 783 FESTO
1140 688 1574 780 SANCTI
1652 688 2239 780 ANDREAE&

430 1069 548 1103 Corde
576 1068 735 1101 ereditur
762 1066 814 1099 ml
832 1064 1040 1109 justitiam,
1069 1075 1130 1097 ore
1155 1062 1341 1108 autemst!
1369 1060 1553 1108 eorrlessio
1576 1063 1822 1097 adsalutem.
1848 1058 1965 1097 Rotn.
1994 1073 2075 1110 cap.
2102 1074 2123 1096 x
2140 1090 2149 1106 ,
2171 1061 2210 1098 j.
2238 1064 2297 1098 10.

1330 1236 1378 1253 70,
1479 1240 1485 1242 ,

392 1402 423 1437 1.

459 1404 500 1436 Et
535 1398 703 1447 quietum
741 1395 927 1440 studium,
949 1403 983 1430 et
1005 1402 1187 1430 attentum
1209 1392 1379 1429 silen—⁷'³
1394 1394 1438 1430 lis
1468 1393 1721 1443 jucundatus,
1744 1394 1833 1430 dum
1858 1394 1921 1429 uni
1951 1394 2063 1430 tradit
2082 1407 2237 1442 regnum
2259 1397 2380 1432 coelo-

337 1462 451 1503 tium,
481 1468 517 1495 et
549 1467 648 1494 tanta
670 1456 759 1492 tanti
786 1455 857 1491 viri
899 1454 1113 1491 solemnitas
1143 1462 1320 1498 monent,
1342 1456 1373 1489 A
1391 1467 1494 1499 rum,
1513 1454 1617 1489 alteri
1636 1453 1681 1489 de
1698 1461 1849 1502 pectore
1865 1466 1933 1489 suo
1952 1453 2228 1489 reclinatorium
2249 1455 2344 1490 saeit.

336 1522 411 1557 imo
427 1519 659 1568 compellunt
678 1515 816 1564 aliquid
838 1514 962 1550 dicere
983 1513 1028 1549 ad
1046 1512 1322 1549 ostendendum

333 1582 487 1631 gloriam
505 1577 650 1614 deitatis
663 1605 672 1620 ,
695 1576 850 1625 gratiam
868 1574 1083 1623 apostolieae
1110 1573 1300 1622 diguitatis
1313 1601 1322 1619 ‚

332 1637 576 1675 consessionis
592 1636 783 1672 virtutem.
796 1638 934 1671 Demus
944 1633 1100 1683 gloriam
1116 1632 1214 1668 laudi
1228 1631 1321 1680 ejus,

334 1711 446 1747 quem
463 1697 615 1732 laudant
634 1706 765 1730 omnes
786 1700 925 1741 gentes,
942 1692 1007 1740 qui
1025 1691 1217 1727 ministros
1235 1704 1322 1727 suos

333 1767 369 1793 et
383 1757 521 1800 laudat,
532 1763 567 1791 et
579 1752 783 1790 laudabiles
798 1751 893 1787 facit.
905 1755 989 1800 Ipse
1009 1759 1064 1786 est
1075 1750 1135 1786 cui
1147 1750 1324 1786 assistunt

331 1816 463 1864 Angeli
490 1814 534 1851 ad
557 1811 782 1850 audiendam
804 1823 936 1845 vocem
955 1822 1172 1845 sermonum
1206 1808 1286 1857 ejus
1311 1822 1317 1843 :

331 1877 393 1925 qui
424 1874 548 1911 stellas
580 1879 688 1908 vocat
719 1878 755 1906 et
777 1869 928 1914 dicunt,
958 1867 1147 1905 adsumus
1177 1883 1184 1904 :
1213 1867 1320 1916 cujus

331 1948 463 1971 manus
479 1931 647 1969 extendit
669 1930 782 1966 coelos
796 1958 805 1975 ,
826 1929 890 1978 qui
916 1927 1088 1964 fundavit
1107 1936 1242 1963 terram
1262 1940 1320 1963 su-

330 2008 397 2044 per
422 1993 658 2029 stabilitatem
680 2002 782 2025 suam
797 2017 806 2034 ,
836 1988 899 2036 qui
922 1987 1089 2035 graditur
1106 2000 1218 2036 super
1246 1986 1318 2022 ssu-

331 2062 412 2089 ctus
435 2052 569 2096 maris,
599 2050 662 2098 qui
683 2047 768 2084 l'ccit
789 2046 973 2083 mirabilia
998 2047 1119 2091 solus,
1142 2046 1179 2081 in
1208 2059 1319 2095 quem

331 2113 543 2149 desiderant
567 2109 699 2158 Angeli
718 2107 945 2157 prospicere.
966 2109 1052 2155 Ipse
1072 2114 1122 2142 est
1144 2106 1207 2154 qui
1237 2106 1321 2142 fecit

1443 1514 1478 1549 2.
1507 1515 1554 1548 Et
1576 1515 1726 1548 (lclt'eioe
1748 1526 1843 1548 mete
1863 1526 1938 1547 esse
1959 1526 2037 1547 cum
2050 1513 2146 1558 filiis
2169 1513 2370 1549 homimem.

1389 1571 1569 1608 Putabam
1591 1585 1659 1621 ego
1673 1600 1682 1616 ,
1714 1571 1871 1607 Domine
1890 1575 1999 1614 Jesu,
2022 1571 2125 1620 quod
2143 1572 2281 1608 deliciae
2302 1581 2374 1608 tuse

1388 1640 1511 1668 essent
1538 1644 1617 1667 esse
1644 1644 1718 1666 non
1740 1643 1823 1666 cum
1853 1630 1936 1666 liliis
1956 1630 2173 1676 hominum,
2201 1631 2265 1668 sed
2289 1644 2374 1667 cum

1388 1691 1512 1727 choris
1528 1691 1771 1739 Angelorum,
1785 1689 1847 1726 ubi
1865 1690 2070 1726 divinitatis
2084 1691 2202 1739 gloria
2216 1691 2376 1727 Thronis

1388 1759 1425 1787 et
1450 1750 1701 1787 Potestatibus
1724 1749 1967 1786 admirandus
1987 1751 2225 1799 superiorum
2246 1751 2375 1787 oculos

1390 1809 1607 1846 reverberas
1625 1818 1839 1845 naturarum
1854 1837 1863 1853 ‚
1877 1808 1927 1844 ibi
1943 1810 2062 1845 lucem
2080 1808 2265 1845 inhabitas
2280 1810 2376 1845 inac-

1387 1868 1593 1905 cessibilem
1608 1897 1617 1913 ,
1633 1877 1669 1904 et
1685 1868 2000 1904 circumstantiam
2017 1869 2308 1904 clarissimorum
2322 1869 2375 1904 lu-

1385 1928 1529 1963 minum
1558 1927 1610 1963 tui
1646 1927 1798 1963 luminis
1822 1926 1966 1975 obtegis
1992 1927 2193 1975 majestate.
2216 1928 2287 1964 Sed
2313 1928 2375 1964 illa

1385 1987 1672 2023 clementissima
1688 1994 1750 2022 tua
1770 1986 1903 2035 pietas,
1925 1994 1962 2021 et
1982 1985 2190 2034 benignitas
2210 1986 2372 2023 adoran—

1386 2046 1456 2092 da,
1477 2046 1628 2082 delicias
1644 2058 1728 2082 suas
1748 2045 1838 2082 dicit
1855 2058 1933 2081 csse
1956 2058 2039 2081 cum
2063 2045 2145 2081 liliis
2162 2045 2373 2082 hominum.

1385 2106 1448 2142 Isti
1479 2113 1567 2142 sunt
1596 2105 1658 2140 tilii
1690 2104 1908 2149 hominum,
1937 2104 2000 2152 qui
2035 2113 2282 2153 speraverunt
2304 2105 2375 2142 sub

329 2173 476 2215 (mima,
500 2179 535 2207 et
564 2170 600 2206 in
629 2168 804 2204 (minibus
832 2180 915 2216 quae
938 2167 1043 2211 fecit,
1075 2178 1321 2214 quaecumque
1341 2166 1368 2199 B
1391 2165 1552 2214 tegmine
1572 2165 1713 2200 alarum
1747 2172 1914 2208 tuarum,
1934 2176 2029 2211 quos
2049 2163 2191 2213 elegisti
2221 2164 2267 2200 de.
2293 2165 2374 2214 ple-

331 2233 451 2269 voluit
473 2232 568 2267 fecit.
596 2229 692 2265 lluic
713 2228 854 2264 servire
876 2238 1031 2276 regnare
1057 2233 1132 2270 est,
1155 2226 1218 2274 qui
1242 2238 1321 2261 scr—

332 2292 424 2328 vixit
456 2304 525 2340 pro
559 2288 668 2325 nobis
700 2287 793 2323 dura
822 2294 858 2322 et
888 2285 990 2335 gravi
1022 2285 1260 2329 necessitate,
1281 2292 1318 2320 et

332 2362 538 2400 purpuram
562 2360 637 2383 suae
669 2345 875 2382 divinitatis
903 2344 1023 2379 cilicio
1061 2351 1195 2379 nostrae
1223 2356 1319 2378 mor-

333 2409 481 2445 talitatis
505 2407 697 2456 opvricns,
716 2417 857 2453 pauper
877 2412 912 2439 et
931 2402 1122 2438 mendicus
1151 2402 1253 2438 venit
1281 2402 1317 2437 in

332 2470 521 2516 regionem
552 2474 727 2501 nostram.
747 2462 935 2511 Numquid
968 2475 1042 2497 non
1074 2461 1184 2497 ludus
1212 2460 1320 2496 vobis

334 2527 497 2571 videtur,
512 2529 526 2561 J
536 2525 630 2561 udaei
646 2552 654 2566 ‚
677 2523 811 2571 l‘agani
825 2550 833 2566 ,
853 2521 1016 2557 haeretici
1032 2549 1041 2565 ,
1066 2529 1102 2556 et
1121 2520 1243 2555 omnis
1260 2520 1321 2555 illa

333 2584 669 2626 subsannantium,
695 2583 769 2617 imo
794 2580 1058 2617 insanientium
1088 2579 1194 2615 turba
1211 2608 1219 2625 ‚
1238 2593 1321 2615 cum

332 2646 489 2681 dicimus
510 2644 643 2680 Filium
666 2641 731 2678 Dei
749 2653 921 2685 earnem,
941 2648 1121 2682 mortem,
1145 2639 1268 2674 clavos
1288 2646 1324 2673 et

333 2706 496 2740 lanceam
528 2702 731 2738 tolerasse?
760 2699 887 2735 Ludus
918 2698 1086 2747 profecto
1112 2706 1169 2733 est
1187 2726 1196 2743 ,
1224 2698 1323 2733 unde

333 2765 383 2799 sie
405 2762 512 2798 nobis
534 2760 688 2804 luditur,
710 2767 750 2794 ut
767 2757 874 2794 vobis
895 2757 1085 2793 illudatur.
1099 2757 1240 2793 'Unicus
1261 2757 1323 2792 ille

332 2823 488 2871 Sapiens
518 2819 628 2868 hujus
663 2818 826 2866 mysterii
866 2830 943 2853 non
980 2816 1151 2866 ignarus,
1192 2815 1322 2852 ludum

335 2883 444 2917 istum
481 2879 639 2929 eleganti
676 2891 846 2914 sermone
880 2876 1056 2926 praelusit.
1088 2875 1319 2920 Dolet-labar,

1387 2224 1446 2270 be,
1467 2238 1628 2273 quorum
1644 2223 1762 2259 lavisti
1780 2222 1909 2272 pedes,
1925 2222 2063 2271 quibus
2081 2231 2184 2258 tuum
2202 2223 2374 2273 spiritum

1386 2285 1578 2330 infudisti,
1599 2284 1661 2333 qui
1679 2283 1788 2319 fidem
1808 2282 1859 2318 tui
1881 2282 2044 2318 nominis
2060 2281 2249 2331 quadrigis
2264 2296 2376 2319 evan-

1384 2343 1510 2391 gelicis
1549 2356 1615 2392 per
1646 2342 1776 2378 orbem
1817 2341 2068 2389 quadrifidum
2112 2349 2373 2390 portaverunt.

1384 2404 1480 2438 Nota
1503 2411 1625 2437 tamen
1655 2401 1756 2449 quod
1777 2400 1889 2444 dicit,
1918 2413 2007 2444 non,
2024 2403 2115 2436 Cum
2139 2400 2374 2446 hominibus3

1387 2460 1466 2506 sed,
1485 2475 1564 2496 eum
1582 2462 1677 2506 filiis
1703 2461 1903 2494 lwmillum.
1931 2461 2007 2506 Ego
2025 2467 2116 2507 puto
2137 2459 2308 2495 homines
2329 2460 2375 2495 ad

1388 2528 1552 2556 veterem
1582 2520 1794 2564 hominem3
1819 2519 1914 2554 lilios
1937 2518 2131 2554 hominum
2149 2546 2159 2563 ,
2187 2519 2233 2554 ad
2257 2519 2374 2555 lilium

1389 2579 1553 2615 hominis
1575 2580 1777 2628 pertinere,
1805 2577 1914 2625 juxta
1946 2590 2056 2625 quam
2092 2577 2374 2626 intelligentiam

1389 2652 1484 2687 puer
1498 2639 1686 2674 citharista
1705 2638 1755 2673 sie
1771 2638 1917 2673 intonat
1935 2651 1942 2672 :
1963 2639 2063 2683 Quid
2078 2647 2130 2673 est
2143 2639 2264 2681 Immo,
2280 2640 2380 2685 quod

1390 2712 1529 2733 memor
1548 2712 1584 2733 es
1604 2699 1709 2743 qius?
1730 2698 1911 2743 autfilius
1927 2697 2105 2739 hominis,
2126 2702 2302 2744 quonlam
2320 2703 2377 2734 vi-

1389 2761 1478 2792 sitas
1509 2771 1590 2792 eum
1609 2763 1620 2777 ²
1635 2757 1648 2791 Ρ
1666 2756 1826 2793 Videsne
1854 2755 1942 2804 quia
1962 2759 2081 2791 Deum
2105 2755 2268 2792 hominis
2297 2769 2377 2793 esse

1391 2828 1613 2859 memorem,
1636 2815 1751 2850 filium
1773 2827 1864 2850 vero
1885 2814 2047 2850 hominis
2063 2826 2100 2849 se
2118 2814 2270 2850 visitare
2286 2828 2377 2851 con-

1390 2874 1537 2910 lirmat?
1572 2874 1834 2910 Praesumimus
1867 2881 1904 2908 et
1929 2885 2135 2922 speramus,
2162 2873 2249 2922 quia
2269 2874 2378 2910 faciet

334 2941 473 2989 inquit,
501 2953 571 2987 per
596 2941 754 2985 singulos
775 2939 852 2970 ‹ltes
868 2964 876 2979 ,
909 2937 1035 2970 ludens
1061 2948 1181 2969 corum
1215 2948 1256 2968 eo
1282 2939 1320 2968 in
1340 2938 1366 2972 C
1389 2934 1496 2970 nobis
1516 2933 1926 2970 misericordiamsuam
1945 2933 1982 2968 in
1999 2941 2202 2981 conspectu
2217 2933 2374 2969 liliorum

332 3001 415 3035 orbe
439 3010 619 3034 terrarum
643 3005 663 3032 ¹.
686 2997 789 3033 Lusit
813 2996 953 3045 quippe
974 3009 1097 3029 eoram
1123 2998 1219 3038 Deo,
1238 3007 1321 3029 cum

333 3072 480 3094 earnem
511 3071 554 3093 ex
576 3056 655 3104 ejus
686 3063 873 3104 przeeepto
905 3054 1088 3102 susceplt3
1114 3063 1148 3088 et
1181 3057 1216 3088 in
1240 3052 1325 3087 orbe

333 3129 525 3160 erm-arum,
542 3116 628 3164 quia
646 3115 690 3150 ad
716 3114 1009 3162 redemptionem
1028 3113 1129 3149 orbis
1144 3121 1323 3149 terrarum

333 3178 536 3213 delectatus
551 3205 559 3221 ,
573 3189 644 3223 per
663 3176 820 3222 singulm
841 3175 917 3207 dics
939 3173 973 3208 iu
991 3173 1145 3223 singulis
1161 3177 1325 3223 Aposto-

621 3309 672 3335 530.
698 3324 735 3327 —-

383 3311 498 3338 ¹1¹i‘ox.
520 3318 600 3342 xlii,
760 3304 1018 3339 ⁷l’sstl.x111,.'›‚

1390 2994 1601 3038 hominum,
1622 2993 1649 3029 si
1668 2993 1815 3028 interim
1835 3000 2005 3042 protegat
2022 3005 2090 3027 nos
2105 2992 2141 3027 in
2155 2991 2376 3028 abscondito

1391 3054 1495 3090 facici
1528 3066 1604 3089 sua¹
1645 3067 1664 3088 a
1699 3051 1985 3088 conturbatione
2023 3052 2230 3087 hominum.
2261 3051 2377 3100 Igitur

1390 3123 1425 3150 et
1448 3113 1631 3150 Dominus
1649 3121 1794 3156 noster,
1821 3111 1927 3159 eujus
1951 3111 2074 3147 schola
2105 3119 2159 3146 cst
2183 3111 2219 3146 iu
2251 3112 2375 3154 terris,

1392 3182 1427 3209 et
1450 3171 1625 3209 cathedra
1649 3172 1686 3207 in
1716 3172 1833 3215 coelo,
1855 3184 1899 3206 ex
1922 3170 1978 3205 his
1997 3168 2171 3206 munibus
2189 3182 2282 3218 quos
2298 3170 2376 3205 elc-

1443 3308 1455 3323 a
1477 3301 1588 3333 Confer
1608 3313 1676 3332 cum
1697 3304 1843 3332 Sermone
1860 3302 1900 3331 40
1920 3299 1957 3330 de
1973 3299 2117 3330 1⁷)iversis.
