<?xml version="1.0" encoding="UTF-8"?>
<!DOCTYPE html PUBLIC "-//W3C//DTD XHTML 1.0 Transitional//EN"
    "http://www.w3.org/TR/xhtml1/DTD/xhtml1-transitional.dtd">
<html xmlns="http://www.w3.org/1999/xhtml" xml:lang="en" lang="en">
 <head>
  <title>
</title>
<meta http-equiv="Content-Type" content="text/html;charset=utf-8" />
  <meta name='ocr-system' content='tesseract 3.04.00' />
  <meta name='ocr-capabilities' content='ocr_page ocr_carea ocr_par ocr_line ocrx_word'/>
</head>
<body>
  <div class='ocr_page' id='page_1' title='image "./operaomniapostho05bern_0593.png"; bbox 0 0 2418 3949; ppageno 0'>
   <div class='ocr_carea' id='block_1_1' title="bbox 189 285 284 321">
    <p class='ocr_par' dir='ltr' id='par_1_1' title="bbox 189 285 284 321">
     <span class='ocr_line' id='line_1_1' title="bbox 189 285 284 321; baseline -0.011 0"><span class='ocrx_word' id='word_1_1' title='bbox 189 285 284 321; x_wconf 77' lang='grc'><strong>1169</strong></span> 
     </span>
    </p>
   </div>
   <div class='ocr_carea' id='block_1_2' title="bbox 183 357 1229 410">
    <p class='ocr_par' dir='ltr' id='par_1_2' title="bbox 183 357 1229 410">
     <span class='ocr_line' id='line_1_2' title="bbox 183 357 1229 410; baseline -0.002 -13"><span class='ocrx_word' id='word_1_2' title='bbox 183 361 239 397; x_wconf 84' lang='lat' dir='ltr'>bit</span> <span class='ocrx_word' id='word_1_3' title='bbox 259 361 376 397; x_wconf 82' lang='lat' dir='ltr'>facere</span> <span class='ocrx_word' id='word_1_4' title='bbox 393 390 402 406; x_wconf 93' lang='lat'>,</span> <span class='ocrx_word' id='word_1_5' title='bbox 424 373 470 397; x_wconf 87' lang='lat' dir='ltr'>ne</span> <span class='ocrx_word' id='word_1_6' title='bbox 491 360 630 397; x_wconf 86' lang='lat' dir='ltr'>subditi</span> <span class='ocrx_word' id='word_1_7' title='bbox 650 361 911 410; x_wconf 79' lang='lat' dir='ltr'><strong>periclitentur</strong></span> <span class='ocrx_word' id='word_1_8' title='bbox 924 367 936 409; x_wconf 85' lang='lat'><em>)</em></span> <span class='ocrx_word' id='word_1_9' title='bbox 949 360 1021 396; x_wconf 89' lang='lat' dir='ltr'>hoc</span> <span class='ocrx_word' id='word_1_10' title='bbox 1044 360 1168 408; x_wconf 88' lang='lat' dir='ltr'>ipsum</span> <span class='ocrx_word' id='word_1_11' title='bbox 1180 357 1229 376; x_wconf 75' lang='lat'>⁵⁹⁰</span> 
     </span>
    </p>
   </div>
   <div class='ocr_carea' id='block_1_3' title="bbox 182 417 1219 1059">
    <p class='ocr_par' dir='ltr' id='par_1_3' title="bbox 182 417 1219 940">
     <span class='ocr_line' id='line_1_3' title="bbox 184 417 1219 470; baseline -0.003 -14"><span class='ocrx_word' id='word_1_12' title='bbox 184 420 337 470; x_wconf 83' lang='lat' dir='ltr'>expedit</span> <span class='ocrx_word' id='word_1_13' title='bbox 359 420 578 470; x_wconf 84' lang='lat' dir='ltr'>providere,</span> <span class='ocrx_word' id='word_1_14' title='bbox 599 433 646 456; x_wconf 90' lang='lat' dir='ltr'>ne</span> <span class='ocrx_word' id='word_1_15' title='bbox 666 421 756 457; x_wconf 91' lang='lat' dir='ltr'>socii</span> <span class='ocrx_word' id='word_1_16' title='bbox 778 419 1089 457; x_wconf 88' lang='lat' dir='ltr'>scandalizentur.</span> <span class='ocrx_word' id='word_1_17' title='bbox 1110 417 1169 454; x_wconf 94' lang='lat' dir='ltr'>Illi</span> <span class='ocrx_word' id='word_1_18' title='bbox 1189 419 1219 452; x_wconf 91' lang='lat' dir='ltr'><strong>A</strong></span> 
     </span>
     <span class='ocr_line' id='line_1_4' title="bbox 185 476 1172 528; baseline -0.004 -13"><span class='ocrx_word' id='word_1_19' title='bbox 185 480 422 516; x_wconf 82' lang='lat' dir='ltr'>necessitates</span> <span class='ocrx_word' id='word_1_20' title='bbox 439 479 668 528; x_wconf 86' lang='lat' dir='ltr'>quandoque</span> <span class='ocrx_word' id='word_1_21' title='bbox 688 486 918 528; x_wconf 78' lang='lat' dir='ltr'>praeponunt</span> <span class='ocrx_word' id='word_1_22' title='bbox 939 476 1172 526; x_wconf 88' lang='lat' dir='ltr'>contempla-</span> 
     </span>
     <span class='ocr_line' id='line_1_5' title="bbox 187 536 1174 588; baseline -0.004 -14"><span class='ocrx_word' id='word_1_23' title='bbox 187 538 301 574; x_wconf 89' lang='lat' dir='ltr'>tionis</span> <span class='ocrx_word' id='word_1_24' title='bbox 331 539 495 583; x_wconf 84' lang='lat' dir='ltr'>deliciis;</span> <span class='ocrx_word' id='word_1_25' title='bbox 518 547 556 574; x_wconf 91' lang='lat' dir='ltr'>tu</span> <span class='ocrx_word' id='word_1_26' title='bbox 576 551 637 575; x_wconf 88' lang='lat' dir='ltr'>eas</span> <span class='ocrx_word' id='word_1_27' title='bbox 663 551 738 574; x_wconf 91' lang='lat' dir='ltr'>non</span> <span class='ocrx_word' id='word_1_28' title='bbox 760 550 959 588; x_wconf 81' lang='lat' dir='ltr'>praeponas</span> <span class='ocrx_word' id='word_1_29' title='bbox 986 536 1119 573; x_wconf 90' lang='lat' dir='ltr'>unitati</span> <span class='ocrx_word' id='word_1_30' title='bbox 1137 543 1174 571; x_wconf 89' lang='lat' dir='ltr'>et</span> 
     </span>
     <span class='ocr_line' id='line_1_6' title="bbox 185 594 1173 647; baseline -0.003 -14"><span class='ocrx_word' id='word_1_31' title='bbox 185 597 268 647; x_wconf 89' lang='lat' dir='ltr'>paci</span> <span class='ocrx_word' id='word_1_32' title='bbox 296 597 609 647; x_wconf 79' lang='lat' dir='ltr'>congregationis.</span> <span class='ocrx_word' id='word_1_33' title='bbox 640 598 832 647; x_wconf 81' lang='lat' dir='ltr'>Praecipue</span> <span class='ocrx_word' id='word_1_34' title='bbox 859 597 938 632; x_wconf 84' lang='lat' dir='ltr'>haec</span> <span class='ocrx_word' id='word_1_35' title='bbox 962 596 1044 645; x_wconf 87' lang='lat' dir='ltr'>ipsa</span> <span class='ocrx_word' id='word_1_36' title='bbox 1065 594 1173 645; x_wconf 88' lang='lat' dir='ltr'>spiri-</span> 
     </span>
     <span class='ocr_line' id='line_1_7' title="bbox 185 653 1173 704; baseline -0.003 -12"><span class='ocrx_word' id='word_1_37' title='bbox 185 656 341 692; x_wconf 88' lang='lat' dir='ltr'>tualium</span> <span class='ocrx_word' id='word_1_38' title='bbox 365 655 660 692; x_wconf 90' lang='lat' dir='ltr'>vicissitudinum</span> <span class='ocrx_word' id='word_1_39' title='bbox 679 665 849 704; x_wconf 87' lang='lat' dir='ltr'>tempora</span> <span class='ocrx_word' id='word_1_40' title='bbox 862 684 872 701; x_wconf 91' lang='lat'>,</span> <span class='ocrx_word' id='word_1_41' title='bbox 892 655 1045 704; x_wconf 89' lang='lat' dir='ltr'>quando</span> <span class='ocrx_word' id='word_1_42' title='bbox 1064 653 1173 690; x_wconf 89' lang='lat' dir='ltr'>vide-</span> 
     </span>
     <span class='ocr_line' id='line_1_8' title="bbox 183 713 1173 761; baseline -0.003 -10"><span class='ocrx_word' id='word_1_43' title='bbox 183 715 268 751; x_wconf 91' lang='lat' dir='ltr'>licet</span> <span class='ocrx_word' id='word_1_44' title='bbox 286 716 344 752; x_wconf 82' lang='lat' dir='ltr'>vel</span> <span class='ocrx_word' id='word_1_45' title='bbox 363 715 566 752; x_wconf 87' lang='lat' dir='ltr'>descendas</span> <span class='ocrx_word' id='word_1_46' title='bbox 582 716 628 752; x_wconf 81' lang='lat' dir='ltr'>ad</span> <span class='ocrx_word' id='word_1_47' title='bbox 645 716 843 761; x_wconf 81' lang='lat' dir='ltr'>Nazareth,</span> <span class='ocrx_word' id='word_1_48' title='bbox 865 716 924 751; x_wconf 91' lang='lat' dir='ltr'>vel</span> <span class='ocrx_word' id='word_1_49' title='bbox 941 713 1118 750; x_wconf 84' lang='lat' dir='ltr'>ascendas</span> <span class='ocrx_word' id='word_1_50' title='bbox 1135 713 1173 749; x_wconf 92' lang='lat' dir='ltr'>in</span> 
     </span>
     <span class='ocr_line' id='line_1_9' title="bbox 183 771 1174 823; baseline -0.004 -12"><span class='ocrx_word' id='word_1_51' title='bbox 183 776 409 821; x_wconf 81' lang='lat' dir='ltr'>Jerusalem3</span> <span class='ocrx_word' id='word_1_52' title='bbox 441 787 634 823; x_wconf 89' lang='lat' dir='ltr'>nunquam</span> <span class='ocrx_word' id='word_1_53' title='bbox 662 776 785 820; x_wconf 89' lang='lat' dir='ltr'>solus,</span> <span class='ocrx_word' id='word_1_54' title='bbox 820 774 859 810; x_wconf 91' lang='lat' dir='ltr'>id</span> <span class='ocrx_word' id='word_1_55' title='bbox 897 782 974 819; x_wconf 86' lang='lat' dir='ltr'>est,</span> <span class='ocrx_word' id='word_1_56' title='bbox 1010 771 1174 822; x_wconf 88' lang='lat' dir='ltr'>propriae</span> 
     </span>
     <span class='ocr_line' id='line_1_10' title="bbox 182 829 1176 882; baseline -0.003 -14"><span class='ocrx_word' id='word_1_57' title='bbox 182 833 386 869; x_wconf 76' lang='lat' dir='ltr'>voluntatis</span> <span class='ocrx_word' id='word_1_58' title='bbox 413 833 591 880; x_wconf 87' lang='lat' dir='ltr'>arbitrio,</span> <span class='ocrx_word' id='word_1_59' title='bbox 612 833 676 869; x_wconf 92' lang='lat' dir='ltr'>sed</span> <span class='ocrx_word' id='word_1_60' title='bbox 708 845 856 882; x_wconf 85' lang='lat' dir='ltr'>semper</span> <span class='ocrx_word' id='word_1_61' title='bbox 884 833 1075 869; x_wconf 89' lang='lat' dir='ltr'>seniorum</span> <span class='ocrx_word' id='word_1_62' title='bbox 1103 829 1176 866; x_wconf 88' lang='lat' dir='ltr'>dis-</span> 
     </span>
     <span class='ocr_line' id='line_1_11' title="bbox 186 891 502 940; baseline 0 -14"><span class='ocrx_word' id='word_1_63' title='bbox 186 891 313 940; x_wconf 80' lang='lat' dir='ltr'>tingue</span> <span class='ocrx_word' id='word_1_64' title='bbox 333 892 502 928; x_wconf 90' lang='lat' dir='ltr'>consilio.</span> 
     </span>
    </p>

    <p class='ocr_par' dir='ltr' id='par_1_4' title="bbox 183 949 1173 1059">
     <span class='ocr_line' id='line_1_12' title="bbox 238 949 1173 1001; baseline -0.001 -15"><span class='ocrx_word' id='word_1_65' title='bbox 238 950 299 986; x_wconf 82' lang='lat'>32.</span> <span class='ocrx_word' id='word_1_66' title='bbox 320 953 413 987; x_wconf 86' lang='lat' dir='ltr'>Ecce</span> <span class='ocrx_word' id='word_1_67' title='bbox 430 950 566 996; x_wconf 87' lang='lat' dir='ltr'>habes,</span> <span class='ocrx_word' id='word_1_68' title='bbox 587 952 639 988; x_wconf 89' lang='lat' dir='ltr'>fili</span> <span class='ocrx_word' id='word_1_69' title='bbox 655 952 882 998; x_wconf 80' lang='lat' dir='ltr'>charissime,</span> <span class='ocrx_word' id='word_1_70' title='bbox 900 951 1001 1001; x_wconf 92' lang='lat' dir='ltr'>quod</span> <span class='ocrx_word' id='word_1_71' title='bbox 1021 949 1173 1000; x_wconf 91' lang='lat' dir='ltr'>petiisti,</span> 
     </span>
     <span class='ocr_line' id='line_1_13' title="bbox 183 1010 1173 1059; baseline 0 -14"><span class='ocrx_word' id='word_1_72' title='bbox 183 1010 270 1046; x_wconf 89' lang='lat' dir='ltr'>licet</span> <span class='ocrx_word' id='word_1_73' title='bbox 301 1018 366 1046; x_wconf 94' lang='lat' dir='ltr'>tuo</span> <span class='ocrx_word' id='word_1_74' title='bbox 394 1010 581 1048; x_wconf 90' lang='lat' dir='ltr'>desiderio</span> <span class='ocrx_word' id='word_1_75' title='bbox 599 1039 609 1057; x_wconf 88' lang='lat'>,</span> <span class='ocrx_word' id='word_1_76' title='bbox 639 1020 704 1048; x_wconf 89' lang='lat' dir='ltr'>tuo</span> <span class='ocrx_word' id='word_1_77' title='bbox 733 1012 904 1056; x_wconf 82' lang='lat' dir='ltr'>affectui,</span> <span class='ocrx_word' id='word_1_78' title='bbox 935 1020 1082 1059; x_wconf 87' lang='lat' dir='ltr'>tnaeque</span> <span class='ocrx_word' id='word_1_79' title='bbox 1103 1022 1173 1045; x_wconf 87' lang='lat' dir='ltr'>ex-</span> 
     </span>
    </p>
   </div>
   <div class='ocr_carea' id='block_1_4' title="bbox 829 282 1578 326">
    <p class='ocr_par' dir='ltr' id='par_1_5' title="bbox 829 282 1578 326">
     <span class='ocr_line' id='line_1_14' title="bbox 829 282 1578 326; baseline -0.003 -8"><span class='ocrx_word' id='word_1_80' title='bbox 829 283 1071 319; x_wconf 79' lang='lat' dir='ltr'><strong>DOMINICA</strong></span> <span class='ocrx_word' id='word_1_81' title='bbox 1100 284 1147 317; x_wconf 84' lang='lat' dir='ltr'>IN</span> <span class='ocrx_word' id='word_1_82' title='bbox 1178 282 1372 326; x_wconf 84' lang='lat' dir='ltr'>PALMIS,</span> <span class='ocrx_word' id='word_1_83' title='bbox 1405 284 1578 319; x_wconf 83' lang='lat' dir='ltr'>SERMO.</span> 
     </span>
    </p>
   </div>
   <div class='ocr_carea' id='block_1_5' title="bbox 2126 280 2223 316">
    <p class='ocr_par' dir='ltr' id='par_1_6' title="bbox 2126 280 2223 316">
     <span class='ocr_line' id='line_1_15' title="bbox 2126 280 2223 316; baseline -0.01 0"><span class='ocrx_word' id='word_1_84' title='bbox 2126 280 2223 316; x_wconf 79' lang='lat'>1170</span> 
     </span>
    </p>
   </div>
   <div class='ocr_carea' id='block_1_6' title="bbox 1234 356 2230 1056">
    <p class='ocr_par' dir='ltr' id='par_1_7' title="bbox 1234 356 2230 1056">
     <span class='ocr_line' id='line_1_16' title="bbox 1238 356 2226 407; baseline -0.002 -14"><span class='ocrx_word' id='word_1_85' title='bbox 1238 358 1459 407; x_wconf 88' lang='lat' dir='ltr'>spectationi</span> <span class='ocrx_word' id='word_1_86' title='bbox 1498 358 1588 394; x_wconf 89' lang='lat' dir='ltr'>nihil</span> <span class='ocrx_word' id='word_1_87' title='bbox 1633 358 1786 406; x_wconf 75' lang='lat' dir='ltr'>dignum</span> <span class='ocrx_word' id='word_1_88' title='bbox 1804 385 1813 403; x_wconf 89' lang='lat'>,</span> <span class='ocrx_word' id='word_1_89' title='bbox 1859 356 2063 392; x_wconf 78' lang='lat' dir='ltr'>voluntatis</span> <span class='ocrx_word' id='word_1_90' title='bbox 2103 363 2226 392; x_wconf 86' lang='lat' dir='ltr'>tamen</span> 
     </span>
     <span class='ocr_line' id='line_1_17' title="bbox 1237 415 2229 465; baseline -0.002 -13"><span class='ocrx_word' id='word_1_91' title='bbox 1237 430 1346 461; x_wconf 85' lang='lat' dir='ltr'>meae,</span> <span class='ocrx_word' id='word_1_92' title='bbox 1367 425 1431 452; x_wconf 87' lang='lat' dir='ltr'>aut</span> <span class='ocrx_word' id='word_1_93' title='bbox 1447 418 1729 465; x_wconf 87' lang='lat' dir='ltr'>qualiscumque</span> <span class='ocrx_word' id='word_1_94' title='bbox 1751 424 1907 453; x_wconf 89' lang='lat' dir='ltr'>conatus</span> <span class='ocrx_word' id='word_1_95' title='bbox 1921 415 2091 464; x_wconf 85' lang='lat' dir='ltr'>aliquod,</span> <span class='ocrx_word' id='word_1_96' title='bbox 2112 415 2149 450; x_wconf 91' lang='lat' dir='ltr'>ni</span> <span class='ocrx_word' id='word_1_97' title='bbox 2165 415 2229 451; x_wconf 82' lang='lat' dir='ltr'>sal-</span> 
     </span>
     <span class='ocr_line' id='line_1_18' title="bbox 1238 475 2226 524; baseline -0.003 -12"><span class='ocrx_word' id='word_1_98' title='bbox 1238 477 1309 519; x_wconf 87' lang='lat' dir='ltr'>lor,</span> <span class='ocrx_word' id='word_1_99' title='bbox 1334 476 1527 512; x_wconf 89' lang='lat' dir='ltr'>indicium.</span> <span class='ocrx_word' id='word_1_100' title='bbox 1549 477 1648 513; x_wconf 88' lang='lat' dir='ltr'>Scias</span> <span class='ocrx_word' id='word_1_101' title='bbox 1663 476 1787 524; x_wconf 73' lang='lat' dir='ltr'>igitur,</span> <span class='ocrx_word' id='word_1_102' title='bbox 1808 475 1910 524; x_wconf 89' lang='lat' dir='ltr'>quod</span> <span class='ocrx_word' id='word_1_103' title='bbox 1928 488 2003 510; x_wconf 91' lang='lat' dir='ltr'>non</span> <span class='ocrx_word' id='word_1_104' title='bbox 2024 483 2097 510; x_wconf 90' lang='lat' dir='ltr'>tam</span> <span class='ocrx_word' id='word_1_105' title='bbox 2115 486 2226 510; x_wconf 67' lang='lat' dir='ltr'>evan-</span> 
     </span>
     <span class='ocr_line' id='line_1_19' title="bbox 1238 532 2226 583; baseline -0.003 -13"><span class='ocrx_word' id='word_1_106' title='bbox 1238 534 1393 583; x_wconf 80' lang='lat' dir='ltr'>gelicam</span> <span class='ocrx_word' id='word_1_107' title='bbox 1420 534 1620 570; x_wconf 89' lang='lat' dir='ltr'>lectionem</span> <span class='ocrx_word' id='word_1_108' title='bbox 1649 546 1860 583; x_wconf 80' lang='lat' dir='ltr'>exponere,</span> <span class='ocrx_word' id='word_1_109' title='bbox 1884 546 1995 582; x_wconf 87' lang='lat' dir='ltr'>quam</span> <span class='ocrx_word' id='word_1_110' title='bbox 2017 546 2063 568; x_wconf 84' lang='lat' dir='ltr'>ex</span> <span class='ocrx_word' id='word_1_111' title='bbox 2087 545 2129 568; x_wconf 89' lang='lat' dir='ltr'>ea</span> <span class='ocrx_word' id='word_1_112' title='bbox 2156 532 2226 567; x_wconf 89' lang='lat' dir='ltr'>ali-</span> 
     </span>
     <span class='ocr_line' id='line_1_20' title="bbox 1239 591 2226 643; baseline -0.004 -13"><span class='ocrx_word' id='word_1_113' title='bbox 1239 607 1312 643; x_wconf 89' lang='lat' dir='ltr'>qua</span> <span class='ocrx_word' id='word_1_114' title='bbox 1329 593 1614 629; x_wconf 85' lang='lat' dir='ltr'>meditationum</span> <span class='ocrx_word' id='word_1_115' title='bbox 1629 593 1770 629; x_wconf 85' lang='lat' dir='ltr'>semina</span> <span class='ocrx_word' id='word_1_116' title='bbox 1785 621 1794 638; x_wconf 91' lang='lat'>,</span> <span class='ocrx_word' id='word_1_117' title='bbox 1812 592 1907 628; x_wconf 87' lang='lat' dir='ltr'>sicut</span> <span class='ocrx_word' id='word_1_118' title='bbox 1922 591 2079 640; x_wconf 74' lang='lat' dir='ltr'>rogasti,</span> <span class='ocrx_word' id='word_1_119' title='bbox 2093 591 2226 627; x_wconf 81' lang='lat' dir='ltr'>elicere</span> 
     </span>
     <span class='ocr_line' id='line_1_21' title="bbox 1239 649 2230 700; baseline -0.004 -11"><span class='ocrx_word' id='word_1_120' title='bbox 1239 653 1454 690; x_wconf 83' lang='lat' dir='ltr'>curavimus</span> <span class='ocrx_word' id='word_1_121' title='bbox 1475 666 1482 688; x_wconf 92' lang='lat'>:</span> <span class='ocrx_word' id='word_1_122' title='bbox 1506 661 1543 688; x_wconf 89' lang='lat' dir='ltr'>et</span> <span class='ocrx_word' id='word_1_123' title='bbox 1562 651 1772 700; x_wconf 83' lang='lat' dir='ltr'>legentibus</span> <span class='ocrx_word' id='word_1_124' title='bbox 1792 651 2035 687; x_wconf 87' lang='lat' dir='ltr'>incitamenta</span> <span class='ocrx_word' id='word_1_125' title='bbox 2054 649 2230 686; x_wconf 83' lang='lat' dir='ltr'>devotio-</span> 
     </span>
     <span class='ocr_line' id='line_1_22' title="bbox 1240 709 2228 760; baseline -0.005 -12"><span class='ocrx_word' id='word_1_126' title='bbox 1240 725 1330 748; x_wconf 88' lang='lat' dir='ltr'>num</span> <span class='ocrx_word' id='word_1_127' title='bbox 1351 724 1398 747; x_wconf 87' lang='lat' dir='ltr'>ex</span> <span class='ocrx_word' id='word_1_128' title='bbox 1424 711 1538 760; x_wconf 89' lang='lat' dir='ltr'>hujus</span> <span class='ocrx_word' id='word_1_129' title='bbox 1564 711 1658 747; x_wconf 87' lang='lat' dir='ltr'>serie</span> <span class='ocrx_word' id='word_1_130' title='bbox 1677 711 1850 747; x_wconf 90' lang='lat' dir='ltr'>lectionis</span> <span class='ocrx_word' id='word_1_131' title='bbox 1878 709 2103 757; x_wconf 73' lang='lat' dir='ltr'>evangelicae</span> <span class='ocrx_word' id='word_1_132' title='bbox 2123 721 2228 744; x_wconf 91' lang='lat' dir='ltr'>com-</span> 
     </span>
     <span class='ocr_line' id='line_1_23' title="bbox 1239 768 2228 821; baseline -0.005 -13"><span class='ocrx_word' id='word_1_133' title='bbox 1239 772 1434 821; x_wconf 85' lang='lat' dir='ltr'>posuimus</span> <span class='ocrx_word' id='word_1_134' title='bbox 1448 799 1456 815; x_wconf 94' lang='lat'>,</span> <span class='ocrx_word' id='word_1_135' title='bbox 1495 771 1611 819; x_wconf 91' lang='lat' dir='ltr'>ipsius</span> <span class='ocrx_word' id='word_1_136' title='bbox 1651 770 1855 819; x_wconf 78' lang='lat' dir='ltr'>adjuvante</span> <span class='ocrx_word' id='word_1_137' title='bbox 1894 770 2014 819; x_wconf 84' lang='lat' dir='ltr'>gratia</span> <span class='ocrx_word' id='word_1_138' title='bbox 2032 797 2040 812; x_wconf 94' lang='lat'>‚</span> <span class='ocrx_word' id='word_1_139' title='bbox 2074 768 2120 804; x_wconf 83' lang='lat' dir='ltr'>(le</span> <span class='ocrx_word' id='word_1_140' title='bbox 2161 781 2228 804; x_wconf 93' lang='lat' dir='ltr'>cu-</span> 
     </span>
     <span class='ocr_line' id='line_1_24' title="bbox 1234 828 2223 879; baseline -0.003 -14"><span class='ocrx_word' id='word_1_141' title='bbox 1234 832 1297 879; x_wconf 89' lang='lat' dir='ltr'>jus</span> <span class='ocrx_word' id='word_1_142' title='bbox 1315 830 1507 878; x_wconf 90' lang='lat' dir='ltr'>loquimur</span> <span class='ocrx_word' id='word_1_143' title='bbox 1525 829 1698 873; x_wconf 85' lang='lat' dir='ltr'>infantia,</span> <span class='ocrx_word' id='word_1_144' title='bbox 1716 829 1780 877; x_wconf 87' lang='lat' dir='ltr'>qui</span> <span class='ocrx_word' id='word_1_145' title='bbox 1798 829 1932 877; x_wconf 84' lang='lat' dir='ltr'>plenus</span> <span class='ocrx_word' id='word_1_146' title='bbox 1954 836 2008 864; x_wconf 85' lang='lat' dir='ltr'>est</span> <span class='ocrx_word' id='word_1_147' title='bbox 2027 828 2166 863; x_wconf 72' lang='lat' dir='ltr'>virtute</span> <span class='ocrx_word' id='word_1_148' title='bbox 2186 835 2223 862; x_wconf 82' lang='lat' dir='ltr'>et</span> 
     </span>
     <span class='ocr_line' id='line_1_25' title="bbox 1239 887 2225 937; baseline -0.003 -13"><span class='ocrx_word' id='word_1_149' title='bbox 1239 889 1358 937; x_wconf 83' lang='lat' dir='ltr'>gratia</span> <span class='ocrx_word' id='word_1_150' title='bbox 1391 897 1428 925; x_wconf 90' lang='lat' dir='ltr'>et</span> <span class='ocrx_word' id='word_1_151' title='bbox 1457 888 1636 937; x_wconf 89' lang='lat' dir='ltr'>sapientia</span> <span class='ocrx_word' id='word_1_152' title='bbox 1654 916 1663 932; x_wconf 91' lang='lat'>‚</span> <span class='ocrx_word' id='word_1_153' title='bbox 1700 892 1806 924; x_wconf 67' lang='lat' dir='ltr'>„lesus</span> <span class='ocrx_word' id='word_1_154' title='bbox 1843 888 2011 924; x_wconf 85' lang='lat' dir='ltr'>Christus</span> <span class='ocrx_word' id='word_1_155' title='bbox 2040 887 2225 922; x_wconf 87' lang='lat' dir='ltr'>Dominus</span> 
     </span>
     <span class='ocr_line' id='line_1_26' title="bbox 1240 945 2226 997; baseline -0.006 -12"><span class='ocrx_word' id='word_1_156' title='bbox 1240 957 1380 994; x_wconf 86' lang='lat' dir='ltr'>noster,</span> <span class='ocrx_word' id='word_1_157' title='bbox 1403 948 1468 997; x_wconf 91' lang='lat' dir='ltr'>qui</span> <span class='ocrx_word' id='word_1_158' title='bbox 1491 961 1575 983; x_wconf 83' lang='lat' dir='ltr'>eum</span> <span class='ocrx_word' id='word_1_159' title='bbox 1604 951 1712 983; x_wconf 89' lang='lat' dir='ltr'>Patre</span> <span class='ocrx_word' id='word_1_160' title='bbox 1739 955 1775 982; x_wconf 92' lang='lat' dir='ltr'>et</span> <span class='ocrx_word' id='word_1_161' title='bbox 1803 946 1943 995; x_wconf 76' lang='lat' dir='ltr'>Spiritu</span> <span class='ocrx_word' id='word_1_162' title='bbox 1974 955 2104 982; x_wconf 89' lang='lat' dir='ltr'>sancto</span> <span class='ocrx_word' id='word_1_163' title='bbox 2134 945 2226 981; x_wconf 77' lang='lat' dir='ltr'>vivit</span> 
     </span>
     <span class='ocr_line' id='line_1_27' title="bbox 1241 1005 2048 1056; baseline -0.005 -12"><span class='ocrx_word' id='word_1_164' title='bbox 1241 1016 1278 1044; x_wconf 89' lang='lat' dir='ltr'>et</span> <span class='ocrx_word' id='word_1_165' title='bbox 1301 1015 1431 1056; x_wconf 72' lang='lat' dir='ltr'>regnat</span> <span class='ocrx_word' id='word_1_166' title='bbox 1447 1007 1484 1042; x_wconf 92' lang='lat' dir='ltr'>in</span> <span class='ocrx_word' id='word_1_167' title='bbox 1506 1005 1642 1042; x_wconf 84' lang='lat' dir='ltr'>saecula</span> <span class='ocrx_word' id='word_1_168' title='bbox 1658 1006 1893 1041; x_wconf 85' lang='lat' dir='ltr'>saecnlorum.</span> <span class='ocrx_word' id='word_1_169' title='bbox 1916 1008 2048 1041; x_wconf 89' lang='lat' dir='ltr'>Amen.</span> 
     </span>
    </p>
   </div>
   <div class='ocr_carea' id='block_1_7' title="bbox 1449 1136 1463 1144">
    <p class='ocr_par' dir='ltr' id='par_1_8' title="bbox 1449 1136 1463 1144">
     <span class='ocr_line' id='line_1_28' title="bbox 1449 1136 1463 1144; baseline 0 0"><span class='ocrx_word' id='word_1_170' title='bbox 1449 1136 1463 1144; x_wconf 63' lang='grc' dir='ltr'><strong><em>ο</em></strong></span> 
     </span>
    </p>
   </div>
   <div class='ocr_carea' id='block_1_8' title="bbox 184 1185 2227 1202">
    <p class='ocr_par' dir='ltr' id='par_1_9' title="bbox 184 1185 2227 1202">
     <span class='ocr_line' id='line_1_29' title="bbox 184 1185 2227 1202; baseline 0 2747"><span class='ocrx_word' id='word_1_171' title='bbox 184 1185 2227 1202; x_wconf 95' lang='lat' dir='ltr'> </span> 
     </span>
    </p>
   </div>
   <div class='ocr_carea' id='block_1_9' title="bbox 252 1336 2161 1428">
    <p class='ocr_par' dir='ltr' id='par_1_10' title="bbox 252 1336 2161 1428">
     <span class='ocr_line' id='line_1_30' title="bbox 252 1336 2161 1428; baseline -0.003 0"><span class='ocrx_word' id='word_1_172' title='bbox 252 1339 637 1428; x_wconf 82' lang='lat' dir='ltr'>SERMO</span> <span class='ocrx_word' id='word_1_173' title='bbox 692 1343 806 1424; x_wconf 89' lang='lat' dir='ltr'>IN</span> <span class='ocrx_word' id='word_1_174' title='bbox 860 1338 1431 1428; x_wconf 86' lang='lat' dir='ltr'><strong>DOMINICA</strong></span> <span class='ocrx_word' id='word_1_175' title='bbox 1489 1336 2161 1426; x_wconf 85' lang='lat' dir='ltr'><strong>PALMARUM.</strong></span> 
     </span>
    </p>
   </div>
   <div class='ocr_carea' id='block_1_10' title="bbox 569 1558 1157 1584">
    <p class='ocr_par' dir='ltr' id='par_1_11' title="bbox 569 1558 1157 1584">
     <span class='ocr_line' id='line_1_31' title="bbox 569 1558 1157 1584; baseline 0 2365"><span class='ocrx_word' id='word_1_176' title='bbox 569 1558 1157 1584; x_wconf 95' lang='lat' dir='ltr'> </span> 
     </span>
    </p>
   </div>
   <div class='ocr_carea' id='block_1_11' title="bbox 1155 1557 1262 1583">
    <p class='ocr_par' dir='ltr' id='par_1_12' title="bbox 1155 1557 1262 1583">
     <span class='ocr_line' id='line_1_32' title="bbox 1155 1557 1262 1583; baseline -0.019 0"><span class='ocrx_word' id='word_1_177' title='bbox 1155 1557 1262 1583; x_wconf 36' lang='lat' dir='ltr'>&amp;Ox</span> 
     </span>
    </p>
   </div>
   <div class='ocr_carea' id='block_1_12' title="bbox 1255 1557 2047 1582">
    <p class='ocr_par' dir='ltr' id='par_1_13' title="bbox 1255 1557 2047 1582">
     <span class='ocr_line' id='line_1_33' title="bbox 1255 1557 2047 1582; baseline 0 2367"><span class='ocrx_word' id='word_1_178' title='bbox 1255 1557 2047 1582; x_wconf 95' lang='lat' dir='ltr'> </span> 
     </span>
    </p>
   </div>
   <div class='ocr_carea' id='block_1_13' title="bbox 181 1699 2231 1886">
    <p class='ocr_par' dir='ltr' id='par_1_14' title="bbox 181 1699 2231 1886">
     <span class='ocr_line' id='line_1_34' title="bbox 235 1699 2231 1754; baseline -0.004 -7"><span class='ocrx_word' id='word_1_179' title='bbox 235 1709 349 1746; x_wconf 89' lang='lat' dir='ltr'>Hunc</span> <span class='ocrx_word' id='word_1_180' title='bbox 377 1720 620 1754; x_wconf 87' lang='lat' dir='ltr'>sermonem,</span> <span class='ocrx_word' id='word_1_181' title='bbox 642 1720 689 1744; x_wconf 84' lang='lat' dir='ltr'>ex</span> <span class='ocrx_word' id='word_1_182' title='bbox 707 1706 863 1744; x_wconf 87' lang='lat' dir='ltr'>abbatia</span> <span class='ocrx_word' id='word_1_183' title='bbox 881 1704 1173 1743; x_wconf 86' lang='lat' dir='ltr'>Marchianensi</span> <span class='ocrx_word' id='word_1_184' title='bbox 1191 1710 1351 1741; x_wconf 81' lang='lat' dir='ltr'>erutum</span> <span class='ocrx_word' id='word_1_185' title='bbox 1365 1731 1375 1748; x_wconf 88' lang='lat'>,</span> <span class='ocrx_word' id='word_1_186' title='bbox 1403 1699 1640 1739; x_wconf 84' lang='lat' dir='ltr'>Guiliehnus</span> <span class='ocrx_word' id='word_1_187' title='bbox 1655 1701 1785 1739; x_wconf 88' lang='lat' dir='ltr'>Estius</span> <span class='ocrx_word' id='word_1_188' title='bbox 1804 1702 1955 1739; x_wconf 89' lang='lat' dir='ltr'>censuit</span> <span class='ocrx_word' id='word_1_189' title='bbox 1974 1710 2054 1739; x_wconf 85' lang='lat' dir='ltr'>tam</span> <span class='ocrx_word' id='word_1_190' title='bbox 2080 1701 2168 1740; x_wconf 88' lang='lat' dir='ltr'>stilo</span> <span class='ocrx_word' id='word_1_191' title='bbox 2192 1712 2231 1739; x_wconf 88' lang='lat' dir='ltr'>et</span> 
     </span>
     <span class='ocr_line' id='line_1_35' title="bbox 182 1765 2230 1822; baseline -0.004 -11"><span class='ocrx_word' id='word_1_192' title='bbox 182 1772 423 1820; x_wconf 87' lang='lat' dir='ltr'>conditione,</span> <span class='ocrx_word' id='word_1_193' title='bbox 445 1785 567 1822; x_wconf 88' lang='lat' dir='ltr'>quam</span> <span class='ocrx_word' id='word_1_194' title='bbox 585 1772 730 1821; x_wconf 84' lang='lat' dir='ltr'>pietate</span> <span class='ocrx_word' id='word_1_195' title='bbox 749 1768 996 1808; x_wconf 77' lang='lat' dir='ltr'>Rei-nardum</span> <span class='ocrx_word' id='word_1_196' title='bbox 1015 1768 1159 1806; x_wconf 88' lang='lat' dir='ltr'>referre</span> <span class='ocrx_word' id='word_1_197' title='bbox 1183 1783 1191 1804; x_wconf 92' lang='lat'>:</span> <span class='ocrx_word' id='word_1_198' title='bbox 1217 1767 1397 1817; x_wconf 82' lang='lat' dir='ltr'>quamvis</span> <span class='ocrx_word' id='word_1_199' title='bbox 1426 1769 1497 1813; x_wconf 89' lang='lat' dir='ltr'>(ne</span> <span class='ocrx_word' id='word_1_200' title='bbox 1525 1766 1623 1817; x_wconf 78' lang='lat' dir='ltr'>quid</span> <span class='ocrx_word' id='word_1_201' title='bbox 1650 1766 1699 1804; x_wconf 90' lang='lat' dir='ltr'>de</span> <span class='ocrx_word' id='word_1_202' title='bbox 1729 1765 1816 1804; x_wconf 89' lang='lat' dir='ltr'>stilo</span> <span class='ocrx_word' id='word_1_203' title='bbox 1845 1766 2041 1815; x_wconf 87' lang='lat' dir='ltr'>dicamus)</span> <span class='ocrx_word' id='word_1_204' title='bbox 2070 1768 2109 1804; x_wconf 90' lang='lat' dir='ltr'>in</span> <span class='ocrx_word' id='word_1_205' title='bbox 2134 1767 2230 1805; x_wconf 85' lang='lat' dir='ltr'>serie</span> 
     </span>
     <span class='ocr_line' id='line_1_36' title="bbox 181 1829 1563 1886; baseline -0.006 -11"><span class='ocrx_word' id='word_1_206' title='bbox 181 1849 408 1875; x_wconf 82' lang='lat' dir='ltr'>sermonum</span> <span class='ocrx_word' id='word_1_207' title='bbox 434 1835 483 1874; x_wconf 87' lang='lat' dir='ltr'>de</span> <span class='ocrx_word' id='word_1_208' title='bbox 509 1835 706 1886; x_wconf 86' lang='lat' dir='ltr'>Tempore</span> <span class='ocrx_word' id='word_1_209' title='bbox 732 1836 772 1872; x_wconf 92' lang='lat' dir='ltr'>in</span> <span class='ocrx_word' id='word_1_210' title='bbox 794 1833 1069 1884; x_wconf 83' lang='lat' dir='ltr'>manuscriptis</span> <span class='ocrx_word' id='word_1_211' title='bbox 1096 1831 1282 1870; x_wconf 88' lang='lat' dir='ltr'>omnibus</span> <span class='ocrx_word' id='word_1_212' title='bbox 1305 1829 1563 1869; x_wconf 86' lang='lat' dir='ltr'>desideretur.</span> 
     </span>
    </p>
   </div>
   <div class='ocr_carea' id='block_1_14' title="bbox 221 2189 1138 2287">
    <p class='ocr_par' dir='ltr' id='par_1_15' title="bbox 221 2189 1138 2287">
     <span class='ocr_line' id='line_1_37' title="bbox 221 2189 1138 2234; baseline 0 -12"><span class='ocrx_word' id='word_1_213' title='bbox 221 2189 389 2223; x_wconf 81' lang='lat' dir='ltr'>Christi·in</span> <span class='ocrx_word' id='word_1_214' title='bbox 404 2191 578 2224; x_wconf 82' lang='lat' dir='ltr'>Jerusalem</span> <span class='ocrx_word' id='word_1_215' title='bbox 598 2191 753 2232; x_wconf 83' lang='lat' dir='ltr'>ingressus</span> <span class='ocrx_word' id='word_1_216' title='bbox 770 2191 904 2234; x_wconf 77' lang='lat' dir='ltr'>mysticae</span> <span class='ocrx_word' id='word_1_217' title='bbox 920 2191 1138 2233; x_wconf 84' lang='lat' dir='ltr'>expositiones.</span> 
     </span>
     <span class='ocr_line' id='line_1_38' title="bbox 465 2242 898 2287; baseline -0.002 -11"><span class='ocrx_word' id='word_1_218' title='bbox 465 2244 580 2276; x_wconf 86' lang='lat' dir='ltr'>Matth.</span> <span class='ocrx_word' id='word_1_219' title='bbox 595 2255 663 2287; x_wconf 88' lang='lat' dir='ltr'>cap.</span> <span class='ocrx_word' id='word_1_220' title='bbox 679 2256 737 2275; x_wconf 62' lang='grc' dir='ltr'>ιιι</span> <span class='ocrx_word' id='word_1_221' title='bbox 748 2269 756 2281; x_wconf 88' lang='grc'>,</span> <span class='ocrx_word' id='word_1_222' title='bbox 775 2242 813 2280; x_wconf 64' lang='lat' dir='ltr'>j&#39;.</span> <span class='ocrx_word' id='word_1_223' title='bbox 834 2247 898 2276; x_wconf 83' lang='lat'>1-9.</span> 
     </span>
    </p>
   </div>
   <div class='ocr_carea' id='block_1_15' title="bbox 180 2368 1218 3306">
    <p class='ocr_par' dir='ltr' id='par_1_16' title="bbox 180 2368 1218 3306">
     <span class='ocr_line' id='line_1_39' title="bbox 238 2368 1179 2418; baseline -0.001 -14"><span class='ocrx_word' id='word_1_224' title='bbox 238 2370 269 2404; x_wconf 94' lang='lat' dir='ltr'>l.</span> <span class='ocrx_word' id='word_1_225' title='bbox 290 2368 525 2418; x_wconf 85' lang='lat' dir='ltr'>Redemptor</span> <span class='ocrx_word' id='word_1_226' title='bbox 541 2377 684 2414; x_wconf 87' lang='lat' dir='ltr'>noster,</span> <span class='ocrx_word' id='word_1_227' title='bbox 706 2369 837 2405; x_wconf 85' lang='lat' dir='ltr'>fratres</span> <span class='ocrx_word' id='word_1_228' title='bbox 852 2368 1078 2412; x_wconf 88' lang='lat' dir='ltr'>charissimi,</span> <span class='ocrx_word' id='word_1_229' title='bbox 1097 2371 1179 2404; x_wconf 91' lang='lat' dir='ltr'>Do-</span> 
     </span>
     <span class='ocr_line' id='line_1_40' title="bbox 181 2427 1178 2478; baseline -0.001 -14"><span class='ocrx_word' id='word_1_230' title='bbox 181 2429 305 2465; x_wconf 88' lang='lat' dir='ltr'>minus</span> <span class='ocrx_word' id='word_1_231' title='bbox 326 2437 454 2466; x_wconf 89' lang='lat' dir='ltr'>noster</span> <span class='ocrx_word' id='word_1_232' title='bbox 481 2432 589 2466; x_wconf 89' lang='lat' dir='ltr'>Jesus</span> <span class='ocrx_word' id='word_1_233' title='bbox 604 2457 613 2473; x_wconf 90' lang='lat'>,</span> <span class='ocrx_word' id='word_1_234' title='bbox 637 2441 749 2478; x_wconf 91' lang='lat' dir='ltr'>quem</span> <span class='ocrx_word' id='word_1_235' title='bbox 785 2432 894 2465; x_wconf 87' lang='lat' dir='ltr'>Pater</span> <span class='ocrx_word' id='word_1_236' title='bbox 911 2427 958 2463; x_wconf 88' lang='lat' dir='ltr'>ad</span> <span class='ocrx_word' id='word_1_237' title='bbox 977 2428 1178 2464; x_wconf 83' lang='lat' dir='ltr'>salutarem</span> 
     </span>
     <span class='ocr_line' id='line_1_41' title="bbox 180 2486 1176 2536; baseline -0.002 -12"><span class='ocrx_word' id='word_1_238' title='bbox 180 2488 370 2525; x_wconf 84' lang='lat' dir='ltr'>victimam</span> <span class='ocrx_word' id='word_1_239' title='bbox 391 2489 491 2525; x_wconf 89' lang='lat' dir='ltr'>misit</span> <span class='ocrx_word' id='word_1_240' title='bbox 507 2488 544 2524; x_wconf 90' lang='lat' dir='ltr'>in</span> <span class='ocrx_word' id='word_1_241' title='bbox 561 2487 745 2524; x_wconf 91' lang='lat' dir='ltr'>mundum</span> <span class='ocrx_word' id='word_1_242' title='bbox 761 2516 770 2532; x_wconf 93' lang='lat'>‚</span> <span class='ocrx_word' id='word_1_243' title='bbox 794 2500 878 2523; x_wconf 85' lang='lat' dir='ltr'>cnm</span> <span class='ocrx_word' id='word_1_244' title='bbox 899 2495 1046 2536; x_wconf 87' lang='lat' dir='ltr'>tempus</span> <span class='ocrx_word' id='word_1_245' title='bbox 1061 2486 1176 2522; x_wconf 87' lang='lat' dir='ltr'>insta-</span> 
     </span>
     <span class='ocr_line' id='line_1_42' title="bbox 182 2545 1170 2596; baseline -0.003 -12"><span class='ocrx_word' id='word_1_246' title='bbox 182 2555 239 2583; x_wconf 85' lang='lat' dir='ltr'>ret</span> <span class='ocrx_word' id='word_1_247' title='bbox 268 2548 421 2596; x_wconf 86' lang='lat' dir='ltr'>quando</span> <span class='ocrx_word' id='word_1_248' title='bbox 450 2556 675 2593; x_wconf 87' lang='lat' dir='ltr'>moreretur,</span> <span class='ocrx_word' id='word_1_249' title='bbox 698 2555 920 2596; x_wconf 80' lang='lat' dir='ltr'>praesentem</span> <span class='ocrx_word' id='word_1_250' title='bbox 940 2574 950 2591; x_wconf 94' lang='lat'>‚</span> <span class='ocrx_word' id='word_1_251' title='bbox 984 2554 1025 2581; x_wconf 88' lang='lat' dir='ltr'>nt</span> <span class='ocrx_word' id='word_1_252' title='bbox 1046 2545 1146 2582; x_wconf 86' lang='lat' dir='ltr'>scitis</span> <span class='ocrx_word' id='word_1_253' title='bbox 1161 2573 1170 2589; x_wconf 94' lang='lat'>,</span> 
     </span>
     <span class='ocr_line' id='line_1_43' title="bbox 180 2605 1172 2644; baseline -0.002 -2"><span class='ocrx_word' id='word_1_254' title='bbox 180 2606 358 2643; x_wconf 87' lang='lat' dir='ltr'>exhibere</span> <span class='ocrx_word' id='word_1_255' title='bbox 381 2619 420 2643; x_wconf 92' lang='lat' dir='ltr'>se</span> <span class='ocrx_word' id='word_1_256' title='bbox 439 2607 559 2643; x_wconf 88' lang='lat' dir='ltr'>voluit</span> <span class='ocrx_word' id='word_1_257' title='bbox 583 2607 621 2643; x_wconf 94' lang='lat' dir='ltr'>in</span> <span class='ocrx_word' id='word_1_258' title='bbox 651 2608 734 2644; x_wconf 89' lang='lat' dir='ltr'>loco</span> <span class='ocrx_word' id='word_1_259' title='bbox 757 2605 819 2642; x_wconf 90' lang='lat' dir='ltr'>ubi</span> <span class='ocrx_word' id='word_1_260' title='bbox 841 2613 1060 2642; x_wconf 86' lang='lat' dir='ltr'>moreretur.</span> <span class='ocrx_word' id='word_1_261' title='bbox 1094 2605 1172 2641; x_wconf 86' lang='lat' dir='ltr'>Sic-</span> 
     </span>
     <span class='ocr_line' id='line_1_44' title="bbox 181 2663 1171 2713; baseline -0.004 -11"><span class='ocrx_word' id='word_1_262' title='bbox 181 2673 223 2702; x_wconf 86' lang='lat' dir='ltr'>ut</span> <span class='ocrx_word' id='word_1_263' title='bbox 256 2674 379 2702; x_wconf 89' lang='lat' dir='ltr'>autem</span> <span class='ocrx_word' id='word_1_264' title='bbox 413 2666 518 2702; x_wconf 88' lang='lat' dir='ltr'>venit</span> <span class='ocrx_word' id='word_1_265' title='bbox 551 2674 591 2701; x_wconf 91' lang='lat' dir='ltr'>nt</span> <span class='ocrx_word' id='word_1_266' title='bbox 625 2673 853 2708; x_wconf 89' lang='lat' dir='ltr'>moreretur,</span> <span class='ocrx_word' id='word_1_267' title='bbox 896 2664 949 2700; x_wconf 88' lang='lat' dir='ltr'>sic</span> <span class='ocrx_word' id='word_1_268' title='bbox 996 2663 1171 2713; x_wconf 86' lang='lat' dir='ltr'>praevidit</span> 
     </span>
     <span class='ocr_line' id='line_1_45' title="bbox 181 2723 1170 2773; baseline -0.002 -13"><span class='ocrx_word' id='word_1_269' title='bbox 181 2723 266 2769; x_wconf 87' lang='lat' dir='ltr'>ubi,</span> <span class='ocrx_word' id='word_1_270' title='bbox 293 2733 329 2761; x_wconf 90' lang='lat' dir='ltr'>et</span> <span class='ocrx_word' id='word_1_271' title='bbox 353 2725 524 2773; x_wconf 87' lang='lat' dir='ltr'>quando,</span> <span class='ocrx_word' id='word_1_272' title='bbox 546 2732 583 2760; x_wconf 89' lang='lat' dir='ltr'>et</span> <span class='ocrx_word' id='word_1_273' title='bbox 613 2737 688 2773; x_wconf 88' lang='lat' dir='ltr'>qno</span> <span class='ocrx_word' id='word_1_274' title='bbox 719 2724 849 2760; x_wconf 89' lang='lat' dir='ltr'>mortis</span> <span class='ocrx_word' id='word_1_275' title='bbox 877 2736 1013 2771; x_wconf 82' lang='lat' dir='ltr'>genere</span> <span class='ocrx_word' id='word_1_276' title='bbox 1046 2735 1170 2758; x_wconf 92' lang='lat' dir='ltr'>more-</span> 
     </span>
     <span class='ocr_line' id='line_1_46' title="bbox 182 2780 1172 2832; baseline -0.002 -14"><span class='ocrx_word' id='word_1_277' title='bbox 182 2791 297 2828; x_wconf 86' lang='lat' dir='ltr'>retur,</span> <span class='ocrx_word' id='word_1_278' title='bbox 319 2784 583 2832; x_wconf 84' lang='lat' dir='ltr'>praescriptum</span> <span class='ocrx_word' id='word_1_279' title='bbox 611 2795 735 2819; x_wconf 89' lang='lat' dir='ltr'>coram</span> <span class='ocrx_word' id='word_1_280' title='bbox 758 2794 798 2818; x_wconf 90' lang='lat' dir='ltr'>se</span> <span class='ocrx_word' id='word_1_281' title='bbox 823 2780 967 2817; x_wconf 86' lang='lat' dir='ltr'>habens</span> <span class='ocrx_word' id='word_1_282' title='bbox 994 2780 1041 2816; x_wconf 90' lang='lat' dir='ltr'>ab</span> <span class='ocrx_word' id='word_1_283' title='bbox 1065 2789 1172 2817; x_wconf 81' lang='lat' dir='ltr'>aetcr-</span> 
     </span>
     <span class='ocr_line' id='line_1_47' title="bbox 183 2843 1172 2891; baseline -0.001 -14"><span class='ocrx_word' id='word_1_284' title='bbox 183 2854 234 2877; x_wconf 90' lang='lat' dir='ltr'>no</span> <span class='ocrx_word' id='word_1_285' title='bbox 254 2844 384 2879; x_wconf 88' lang='lat' dir='ltr'>mortis</span> <span class='ocrx_word' id='word_1_286' title='bbox 416 2855 491 2879; x_wconf 88' lang='lat' dir='ltr'>suae</span> <span class='ocrx_word' id='word_1_287' title='bbox 511 2855 648 2891; x_wconf 82' lang='lat' dir='ltr'>genus,</span> <span class='ocrx_word' id='word_1_288' title='bbox 680 2843 802 2878; x_wconf 90' lang='lat' dir='ltr'>locum</span> <span class='ocrx_word' id='word_1_289' title='bbox 836 2849 872 2877; x_wconf 87' lang='lat' dir='ltr'>et</span> <span class='ocrx_word' id='word_1_290' title='bbox 895 2849 1056 2890; x_wconf 89' lang='lat' dir='ltr'>tempus.</span> <span class='ocrx_word' id='word_1_291' title='bbox 1084 2845 1172 2878; x_wconf 77' lang='lat' dir='ltr'>llaec</span> 
     </span>
     <span class='ocr_line' id='line_1_48' title="bbox 180 2899 1173 2949; baseline 0 -13"><span class='ocrx_word' id='word_1_292' title='bbox 180 2909 304 2937; x_wconf 90' lang='lat' dir='ltr'>autem</span> <span class='ocrx_word' id='word_1_293' title='bbox 341 2901 409 2937; x_wconf 91' lang='lat' dir='ltr'>tria</span> <span class='ocrx_word' id='word_1_294' title='bbox 451 2910 581 2947; x_wconf 89' lang='lat' dir='ltr'>erant,</span> <span class='ocrx_word' id='word_1_295' title='bbox 631 2901 866 2949; x_wconf 79' lang='lat' dir='ltr'>Jerosolyma</span> <span class='ocrx_word' id='word_1_296' title='bbox 896 2928 905 2945; x_wconf 88' lang='lat'>,</span> <span class='ocrx_word' id='word_1_297' title='bbox 943 2899 1098 2945; x_wconf 84' lang='lat' dir='ltr'>Pascha,</span> <span class='ocrx_word' id='word_1_298' title='bbox 1136 2907 1173 2936; x_wconf 90' lang='lat' dir='ltr'>et</span> 
     </span>
     <span class='ocr_line' id='line_1_49' title="bbox 180 2959 1218 3009; baseline -0.001 -13"><span class='ocrx_word' id='word_1_299' title='bbox 180 2962 295 2996; x_wconf 82' lang='lat' dir='ltr'>Crux.</span> <span class='ocrx_word' id='word_1_300' title='bbox 325 2963 416 2996; x_wconf 86' lang='lat' dir='ltr'>Nam</span> <span class='ocrx_word' id='word_1_301' title='bbox 447 2960 475 2995; x_wconf 88' lang='lat' dir='ltr'>si</span> <span class='ocrx_word' id='word_1_302' title='bbox 506 2960 654 2996; x_wconf 92' lang='lat' dir='ltr'>deloco</span> <span class='ocrx_word' id='word_1_303' title='bbox 686 2960 824 3009; x_wconf 70' lang='lat' dir='ltr'>quaeris</span> <span class='ocrx_word' id='word_1_304' title='bbox 842 2987 851 3004; x_wconf 88' lang='lat'><strong>‚</strong></span> <span class='ocrx_word' id='word_1_305' title='bbox 876 2959 913 2995; x_wconf 90' lang='lat' dir='ltr'>in</span> <span class='ocrx_word' id='word_1_306' title='bbox 940 2959 1173 3007; x_wconf 81' lang='lat' dir='ltr'>Jerosolyma</span> <span class='ocrx_word' id='word_1_307' title='bbox 1191 2966 1218 3000; x_wconf 71' lang='lat'>(¹,</span> 
     </span>
     <span class='ocr_line' id='line_1_50' title="bbox 182 3018 1169 3067; baseline -0.001 -13"><span class='ocrx_word' id='word_1_308' title='bbox 182 3027 354 3055; x_wconf 90' lang='lat' dir='ltr'>mortuus</span> <span class='ocrx_word' id='word_1_309' title='bbox 379 3027 459 3056; x_wconf 92' lang='lat' dir='ltr'>est:</span> <span class='ocrx_word' id='word_1_310' title='bbox 490 3020 519 3055; x_wconf 82' lang='lat' dir='ltr'>si</span> <span class='ocrx_word' id='word_1_311' title='bbox 548 3019 594 3055; x_wconf 92' lang='lat' dir='ltr'>‹lc</span> <span class='ocrx_word' id='word_1_312' title='bbox 620 3031 778 3067; x_wconf 78' lang='lat' dir='ltr'>genere,</span> <span class='ocrx_word' id='word_1_313' title='bbox 811 3026 933 3054; x_wconf 85' lang='lat' dir='ltr'>morte</span> <span class='ocrx_word' id='word_1_314' title='bbox 961 3018 1104 3055; x_wconf 78' lang='lat' dir='ltr'>crucis:</span> <span class='ocrx_word' id='word_1_315' title='bbox 1141 3019 1169 3055; x_wconf 91' lang='lat' dir='ltr'>si</span> 
     </span>
     <span class='ocr_line' id='line_1_51' title="bbox 181 3078 1172 3128; baseline 0 -15"><span class='ocrx_word' id='word_1_316' title='bbox 181 3090 272 3114; x_wconf 88' lang='lat' dir='ltr'>vcro</span> <span class='ocrx_word' id='word_1_317' title='bbox 296 3078 342 3115; x_wconf 89' lang='lat' dir='ltr'>dc</span> <span class='ocrx_word' id='word_1_318' title='bbox 373 3087 566 3128; x_wconf 88' lang='lat' dir='ltr'>ternpore,</span> <span class='ocrx_word' id='word_1_319' title='bbox 596 3080 758 3115; x_wconf 90' lang='lat' dir='ltr'>instante</span> <span class='ocrx_word' id='word_1_320' title='bbox 787 3086 955 3127; x_wconf 81' lang='lat' dir='ltr'>tempore</span> <span class='ocrx_word' id='word_1_321' title='bbox 990 3078 1172 3126; x_wconf 79' lang='lat' dir='ltr'>paschalis</span> 
     </span>
     <span class='ocr_line' id='line_1_52' title="bbox 180 3137 1170 3186; baseline 0 -14"><span class='ocrx_word' id='word_1_322' title='bbox 180 3137 435 3174; x_wconf 86' lang='lat' dir='ltr'>solemnitatis.</span> <span class='ocrx_word' id='word_1_323' title='bbox 457 3141 506 3175; x_wconf 84' lang='lat' dir='ltr'>Ut</span> <span class='ocrx_word' id='word_1_324' title='bbox 527 3146 651 3174; x_wconf 86' lang='lat' dir='ltr'>autem</span> <span class='ocrx_word' id='word_1_325' title='bbox 671 3151 740 3173; x_wconf 83' lang='lat' dir='ltr'>vos</span> <span class='ocrx_word' id='word_1_326' title='bbox 758 3137 844 3173; x_wconf 85' lang='lat' dir='ltr'>satis</span> <span class='ocrx_word' id='word_1_327' title='bbox 864 3137 1024 3186; x_wconf 65' lang='lat' dir='ltr'>lt‘gemh)</span> <span class='ocrx_word' id='word_1_328' title='bbox 1050 3145 1086 3172; x_wconf 89' lang='lat' dir='ltr'>et</span> <span class='ocrx_word' id='word_1_329' title='bbox 1102 3150 1170 3172; x_wconf 77' lang='lat' dir='ltr'>att-</span> 
     </span>
     <span class='ocr_line' id='line_1_53' title="bbox 181 3195 1171 3246; baseline 0 -15"><span class='ocrx_word' id='word_1_330' title='bbox 181 3195 319 3231; x_wconf 80' lang='lat' dir='ltr'>‹liendo</span> <span class='ocrx_word' id='word_1_331' title='bbox 340 3196 544 3241; x_wconf 80' lang='lat' dir='ltr'>didicistis3</span> <span class='ocrx_word' id='word_1_332' title='bbox 567 3197 687 3246; x_wconf 84' lang='lat' dir='ltr'>iniqui</span> <span class='ocrx_word' id='word_1_333' title='bbox 709 3210 794 3233; x_wconf 85' lang='lat' dir='ltr'>enm</span> <span class='ocrx_word' id='word_1_334' title='bbox 812 3196 952 3239; x_wconf 66' lang='lat' dir='ltr'>Judaei,</span> <span class='ocrx_word' id='word_1_335' title='bbox 969 3196 1171 3244; x_wconf 84' lang='lat' dir='ltr'>aliqnando</span> 
     </span>
     <span class='ocr_line' id='line_1_54' title="bbox 182 3255 1166 3306; baseline -0.001 -16"><span class='ocrx_word' id='word_1_336' title='bbox 182 3263 214 3289; x_wconf 74' lang='lat' dir='ltr'>rt</span> <span class='ocrx_word' id='word_1_337' title='bbox 237 3255 357 3299; x_wconf 87' lang='lat' dir='ltr'>aliter,</span> <span class='ocrx_word' id='word_1_338' title='bbox 380 3263 413 3291; x_wconf 80' lang='lat' dir='ltr'>et</span> <span class='ocrx_word' id='word_1_339' title='bbox 435 3256 543 3302; x_wconf 84' lang='lat' dir='ltr'>alibi,</span> <span class='ocrx_word' id='word_1_340' title='bbox 559 3265 593 3292; x_wconf 83' lang='lat' dir='ltr'>et</span> <span class='ocrx_word' id='word_1_341' title='bbox 614 3265 723 3294; x_wconf 85' lang='lat' dir='ltr'>antea</span> <span class='ocrx_word' id='word_1_342' title='bbox 742 3257 928 3306; x_wconf 54' lang='lat' dir='ltr'>perimere</span> <span class='ocrx_word' id='word_1_343' title='bbox 951 3256 1166 3290; x_wconf 65' lang='lat' dir='ltr'>xnlnvrunt.</span> 
     </span>
    </p>
   </div>
   <div class='ocr_carea' id='block_1_16' title="bbox 231 3379 427 3409">
    <p class='ocr_par' dir='ltr' id='par_1_17' title="bbox 231 3379 427 3409">
     <span class='ocr_line' id='line_1_55' title="bbox 231 3379 427 3409; baseline 0.005 -1"><span class='ocrx_word' id='word_1_344' title='bbox 231 3385 236 3396; x_wconf 94' lang='lat'>&#39;</span> <span class='ocrx_word' id='word_1_345' title='bbox 263 3379 355 3408; x_wconf 65' lang='lat' dir='ltr'>runt.</span> <span class='ocrx_word' id='word_1_346' title='bbox 372 3390 427 3409; x_wconf 67' lang='lat' dir='ltr'>,ur</span> 
     </span>
    </p>
   </div>
   <div class='ocr_carea' id='block_1_17' title="bbox 1196 2185 2234 2238">
    <p class='ocr_par' dir='ltr' id='par_1_18' title="bbox 1196 2185 2234 2238">
     <span class='ocr_line' id='line_1_56' title="bbox 1196 2185 2234 2238; baseline -0.005 -12"><span class='ocrx_word' id='word_1_347' title='bbox 1196 2193 1223 2227; x_wconf 91' lang='lat' dir='ltr'>B</span> <span class='ocrx_word' id='word_1_348' title='bbox 1243 2193 1335 2227; x_wconf 65' lang='lat' dir='ltr'>&#39;Nam</span> <span class='ocrx_word' id='word_1_349' title='bbox 1364 2188 1517 2238; x_wconf 88' lang='lat' dir='ltr'>quando</span> <span class='ocrx_word' id='word_1_350' title='bbox 1543 2199 1629 2224; x_wconf 90' lang='lat' dir='ltr'>eum</span> <span class='ocrx_word' id='word_1_351' title='bbox 1652 2186 1844 2223; x_wconf 82' lang='lat' dir='ltr'>duxerunt</span> <span class='ocrx_word' id='word_1_352' title='bbox 1870 2193 1911 2221; x_wconf 87' lang='lat' dir='ltr'>ut</span> <span class='ocrx_word' id='word_1_353' title='bbox 1932 2185 2234 2234; x_wconf 60' lang='lat' dir='ltr'>praecipitarent,</span> 
     </span>
    </p>
   </div>
   <div class='ocr_carea' id='block_1_18' title="bbox 1237 2244 2237 3303">
    <p class='ocr_par' dir='ltr' id='par_1_19' title="bbox 1237 2244 2237 2935">
     <span class='ocr_line' id='line_1_57' title="bbox 1246 2244 2233 2296; baseline -0.006 -11"><span class='ocrx_word' id='word_1_354' title='bbox 1246 2249 1312 2285; x_wconf 91' lang='lat' dir='ltr'>ubi</span> <span class='ocrx_word' id='word_1_355' title='bbox 1335 2257 1372 2285; x_wconf 91' lang='lat' dir='ltr'>et</span> <span class='ocrx_word' id='word_1_356' title='bbox 1392 2248 1576 2284; x_wconf 89' lang='lat' dir='ltr'>transiens</span> <span class='ocrx_word' id='word_1_357' title='bbox 1593 2259 1661 2296; x_wconf 86' lang='lat' dir='ltr'>per</span> <span class='ocrx_word' id='word_1_358' title='bbox 1682 2245 1847 2282; x_wconf 87' lang='lat' dir='ltr'>medium</span> <span class='ocrx_word' id='word_1_359' title='bbox 1872 2245 2022 2280; x_wconf 89' lang='lat' dir='ltr'>illorum</span> <span class='ocrx_word' id='word_1_360' title='bbox 2046 2244 2141 2289; x_wconf 87' lang='lat' dir='ltr'>ibat,</span> <span class='ocrx_word' id='word_1_361' title='bbox 2167 2258 2233 2280; x_wconf 75' lang='lat' dir='ltr'>nec</span> 
     </span>
     <span class='ocr_line' id='line_1_58' title="bbox 1246 2303 2237 2351; baseline -0.007 -7"><span class='ocrx_word' id='word_1_362' title='bbox 1246 2308 1291 2344; x_wconf 85' lang='lat' dir='ltr'>ad</span> <span class='ocrx_word' id='word_1_363' title='bbox 1319 2307 1525 2344; x_wconf 87' lang='lat' dir='ltr'>Jerusalem</span> <span class='ocrx_word' id='word_1_364' title='bbox 1550 2313 1761 2348; x_wconf 87' lang='lat' dir='ltr'>venerunt,</span> <span class='ocrx_word' id='word_1_365' title='bbox 1784 2316 1852 2339; x_wconf 82' lang='lat' dir='ltr'>nec</span> <span class='ocrx_word' id='word_1_366' title='bbox 1880 2303 2013 2339; x_wconf 86' lang='lat' dir='ltr'>Pascha</span> <span class='ocrx_word' id='word_1_367' title='bbox 2043 2311 2237 2351; x_wconf 73' lang='lat' dir='ltr'>exspecta-</span> 
     </span>
     <span class='ocr_line' id='line_1_59' title="bbox 1246 2362 2235 2412; baseline -0.005 -10"><span class='ocrx_word' id='word_1_368' title='bbox 1246 2374 1406 2411; x_wconf 82' lang='lat' dir='ltr'>verunt,</span> <span class='ocrx_word' id='word_1_369' title='bbox 1431 2378 1500 2401; x_wconf 90' lang='lat' dir='ltr'>nec</span> <span class='ocrx_word' id='word_1_370' title='bbox 1529 2377 1674 2401; x_wconf 85' lang='lat' dir='ltr'>crucem</span> <span class='ocrx_word' id='word_1_371' title='bbox 1706 2364 1953 2412; x_wconf 71' lang='lat' dir='ltr'>quaesierunt,</span> <span class='ocrx_word' id='word_1_372' title='bbox 1978 2362 2042 2397; x_wconf 85' lang='lat' dir='ltr'>sed</span> <span class='ocrx_word' id='word_1_373' title='bbox 2069 2362 2106 2397; x_wconf 89' lang='lat' dir='ltr'>in</span> <span class='ocrx_word' id='word_1_374' title='bbox 2134 2362 2235 2410; x_wconf 83' lang='lat' dir='ltr'>peri—</span> 
     </span>
     <span class='ocr_line' id='line_1_60' title="bbox 1246 2421 2234 2472; baseline -0.007 -10"><span class='ocrx_word' id='word_1_375' title='bbox 1246 2425 1384 2462; x_wconf 88' lang='lat' dir='ltr'>mendo</span> <span class='ocrx_word' id='word_1_376' title='bbox 1399 2437 1484 2461; x_wconf 88' lang='lat' dir='ltr'>eum</span> <span class='ocrx_word' id='word_1_377' title='bbox 1507 2436 1744 2472; x_wconf 87' lang='lat' dir='ltr'>nequaquam</span> <span class='ocrx_word' id='word_1_378' title='bbox 1758 2423 1817 2458; x_wconf 73' lang='lat' dir='ltr'>vel</span> <span class='ocrx_word' id='word_1_379' title='bbox 1839 2421 1992 2457; x_wconf 87' lang='lat' dir='ltr'>modum</span> <span class='ocrx_word' id='word_1_380' title='bbox 2005 2450 2014 2466; x_wconf 95' lang='lat'>‚</span> <span class='ocrx_word' id='word_1_381' title='bbox 2031 2422 2090 2457; x_wconf 76' lang='lat' dir='ltr'>vel</span> <span class='ocrx_word' id='word_1_382' title='bbox 2111 2421 2234 2456; x_wconf 87' lang='lat' dir='ltr'>locum</span> 
     </span>
     <span class='ocr_line' id='line_1_61' title="bbox 1246 2491 2235 2532; baseline -0.005 -11"><span class='ocrx_word' id='word_1_383' title='bbox 1246 2493 1391 2521; x_wconf 83' lang='lat' dir='ltr'>mutare</span> <span class='ocrx_word' id='word_1_384' title='bbox 1406 2511 1416 2529; x_wconf 93' lang='lat'>,</span> <span class='ocrx_word' id='word_1_385' title='bbox 1444 2495 1681 2532; x_wconf 86' lang='lat' dir='ltr'>nequaquam</span> <span class='ocrx_word' id='word_1_386' title='bbox 1710 2491 1857 2531; x_wconf 88' lang='lat' dir='ltr'>tempus</span> <span class='ocrx_word' id='word_1_387' title='bbox 1877 2493 2146 2531; x_wconf 79' lang='lat' dir='ltr'>praeoccupare</span> <span class='ocrx_word' id='word_1_388' title='bbox 2169 2493 2235 2517; x_wconf 87' lang='lat' dir='ltr'>seu</span> 
     </span>
     <span class='ocr_line' id='line_1_62' title="bbox 1241 2540 2232 2590; baseline -0.005 -10"><span class='ocrx_word' id='word_1_389' title='bbox 1241 2544 1394 2581; x_wconf 82' lang='lat' dir='ltr'>differre</span> <span class='ocrx_word' id='word_1_390' title='bbox 1425 2544 1638 2579; x_wconf 80' lang='lat' dir='ltr'>valuerunt.</span> <span class='ocrx_word' id='word_1_391' title='bbox 1670 2542 1782 2578; x_wconf 66' lang='lat' dir='ltr'>Venit</span> <span class='ocrx_word' id='word_1_392' title='bbox 1815 2542 1939 2590; x_wconf 86' lang='lat' dir='ltr'>itaque</span> <span class='ocrx_word' id='word_1_393' title='bbox 1963 2540 2146 2576; x_wconf 86' lang='lat' dir='ltr'>hodierna</span> <span class='ocrx_word' id='word_1_394' title='bbox 2172 2540 2232 2576; x_wconf 78' lang='lat' dir='ltr'>‹lie</span> 
     </span>
     <span class='ocr_line' id='line_1_63' title="bbox 1238 2600 2230 2652; baseline -0.005 -12"><span class='ocrx_word' id='word_1_395' title='bbox 1238 2604 1533 2652; x_wconf 80' lang='lat' dir='ltr'>Jerosolymam,</span> <span class='ocrx_word' id='word_1_396' title='bbox 1558 2611 1643 2639; x_wconf 81' lang='lat' dir='ltr'>ante</span> <span class='ocrx_word' id='word_1_397' title='bbox 1673 2602 1841 2650; x_wconf 86' lang='lat' dir='ltr'>quinque</span> <span class='ocrx_word' id='word_1_398' title='bbox 1864 2601 2036 2636; x_wconf 78' lang='lat' dir='ltr'>videlicet</span> <span class='ocrx_word' id='word_1_399' title='bbox 2057 2600 2135 2635; x_wconf 74' lang='lat' dir='ltr'>(lies</span> <span class='ocrx_word' id='word_1_400' title='bbox 2159 2604 2230 2636; x_wconf 76' lang='lat' dir='ltr'>Pa-</span> 
     </span>
     <span class='ocr_line' id='line_1_64' title="bbox 1238 2660 2231 2709; baseline -0.005 -10"><span class='ocrx_word' id='word_1_401' title='bbox 1238 2663 1358 2707; x_wconf 78' lang='lat' dir='ltr'>schae,</span> <span class='ocrx_word' id='word_1_402' title='bbox 1383 2663 1446 2698; x_wconf 89' lang='lat' dir='ltr'>illo</span> <span class='ocrx_word' id='word_1_403' title='bbox 1471 2675 1509 2698; x_wconf 87' lang='lat' dir='ltr'>se</span> <span class='ocrx_word' id='word_1_404' title='bbox 1538 2662 1732 2697; x_wconf 82' lang='lat' dir='ltr'>insinuans</span> <span class='ocrx_word' id='word_1_405' title='bbox 1756 2673 1853 2708; x_wconf 69' lang='lat' dir='ltr'>agno</span> <span class='ocrx_word' id='word_1_406' title='bbox 1874 2661 2114 2709; x_wconf 67' lang='lat' dir='ltr'>przeligurato</span> <span class='ocrx_word' id='word_1_407' title='bbox 2131 2687 2140 2702; x_wconf 87' lang='lat'>,</span> <span class='ocrx_word' id='word_1_408' title='bbox 2166 2660 2231 2707; x_wconf 87' lang='lat' dir='ltr'>qui</span> 
     </span>
     <span class='ocr_line' id='line_1_65' title="bbox 1237 2719 2231 2769; baseline -0.002 -13"><span class='ocrx_word' id='word_1_409' title='bbox 1237 2720 1379 2756; x_wconf 88' lang='lat' dir='ltr'>decima</span> <span class='ocrx_word' id='word_1_410' title='bbox 1409 2729 1541 2769; x_wconf 86' lang='lat' dir='ltr'>quarta</span> <span class='ocrx_word' id='word_1_411' title='bbox 1574 2720 1635 2756; x_wconf 84' lang='lat' dir='ltr'>die</span> <span class='ocrx_word' id='word_1_412' title='bbox 1663 2719 1800 2756; x_wconf 86' lang='lat' dir='ltr'>mensis</span> <span class='ocrx_word' id='word_1_413' title='bbox 1829 2719 1934 2755; x_wconf 77' lang='lat' dir='ltr'>verni</span> <span class='ocrx_word' id='word_1_414' title='bbox 1961 2719 2006 2754; x_wconf 88' lang='lat' dir='ltr'>ad</span> <span class='ocrx_word' id='word_1_415' title='bbox 2034 2730 2231 2767; x_wconf 67' lang='lat' dir='ltr'>vesperam</span> 
     </span>
     <span class='ocr_line' id='line_1_66' title="bbox 1237 2777 2231 2827; baseline -0.003 -12"><span class='ocrx_word' id='word_1_416' title='bbox 1237 2779 1514 2825; x_wconf 80' lang='lat' dir='ltr'>immolandus,</span> <span class='ocrx_word' id='word_1_417' title='bbox 1545 2779 1687 2815; x_wconf 85' lang='lat' dir='ltr'>decima</span> <span class='ocrx_word' id='word_1_418' title='bbox 1713 2778 1865 2827; x_wconf 84' lang='lat' dir='ltr'>quidem</span> <span class='ocrx_word' id='word_1_419' title='bbox 1891 2777 2059 2826; x_wconf 78' lang='lat' dir='ltr'>ejusdem</span> <span class='ocrx_word' id='word_1_420' title='bbox 2092 2778 2231 2813; x_wconf 81' lang='lat' dir='ltr'>mensis</span> 
     </span>
     <span class='ocr_line' id='line_1_67' title="bbox 1239 2835 2229 2887; baseline -0.005 -12"><span class='ocrx_word' id='word_1_421' title='bbox 1239 2839 1298 2875; x_wconf 84' lang='lat' dir='ltr'>(lie</span> <span class='ocrx_word' id='word_1_422' title='bbox 1320 2839 1426 2881; x_wconf 84' lang='lat' dir='ltr'>tolli,</span> <span class='ocrx_word' id='word_1_423' title='bbox 1446 2847 1480 2874; x_wconf 83' lang='lat' dir='ltr'>et</span> <span class='ocrx_word' id='word_1_424' title='bbox 1496 2850 1615 2887; x_wconf 87' lang='lat' dir='ltr'>usque</span> <span class='ocrx_word' id='word_1_425' title='bbox 1635 2837 1680 2873; x_wconf 87' lang='lat' dir='ltr'>ad</span> <span class='ocrx_word' id='word_1_426' title='bbox 1704 2836 1926 2887; x_wconf 71' lang='lat' dir='ltr'>prsedictum</span> <span class='ocrx_word' id='word_1_427' title='bbox 1949 2835 2149 2872; x_wconf 88' lang='lat' dir='ltr'>terminum</span> <span class='ocrx_word' id='word_1_428' title='bbox 2163 2835 2229 2883; x_wconf 86' lang='lat' dir='ltr'>jn-</span> 
     </span>
     <span class='ocr_line' id='line_1_68' title="bbox 1237 2897 1599 2935; baseline -0.006 0"><span class='ocrx_word' id='word_1_429' title='bbox 1237 2898 1397 2935; x_wconf 87' lang='lat' dir='ltr'>bebatur</span> <span class='ocrx_word' id='word_1_430' title='bbox 1412 2897 1551 2933; x_wconf 76' lang='lat' dir='ltr'>servari</span> <span class='ocrx_word' id='word_1_431' title='bbox 1576 2903 1599 2932; x_wconf 89' lang='lat'>¹.</span> 
     </span>
    </p>

    <p class='ocr_par' dir='ltr' id='par_1_20' title="bbox 1237 2955 2233 3303">
     <span class='ocr_line' id='line_1_69' title="bbox 1292 2955 2227 3004; baseline -0.005 -10"><span class='ocrx_word' id='word_1_432' title='bbox 1292 2959 1325 2994; x_wconf 75' lang='lat'>2.</span> <span class='ocrx_word' id='word_1_433' title='bbox 1345 2962 1400 2994; x_wconf 84' lang='lat' dir='ltr'>De</span> <span class='ocrx_word' id='word_1_434' title='bbox 1425 2957 1497 2993; x_wconf 79' lang='lat' dir='ltr'>hoc</span> <span class='ocrx_word' id='word_1_435' title='bbox 1519 2965 1643 2993; x_wconf 86' lang='lat' dir='ltr'>autem</span> <span class='ocrx_word' id='word_1_436' title='bbox 1671 2955 1836 2991; x_wconf 80' lang='lat' dir='ltr'>adventu</span> <span class='ocrx_word' id='word_1_437' title='bbox 1854 2955 1935 3004; x_wconf 78' lang='lat' dir='ltr'>ejus</span> <span class='ocrx_word' id='word_1_438' title='bbox 1954 2955 2000 2991; x_wconf 85' lang='lat' dir='ltr'>ad</span> <span class='ocrx_word' id='word_1_439' title='bbox 2021 2955 2227 2991; x_wconf 75' lang='lat' dir='ltr'>Jerusalem</span> 
     </span>
     <span class='ocr_line' id='line_1_70' title="bbox 1238 3013 2233 3062; baseline -0.005 -9"><span class='ocrx_word' id='word_1_440' title='bbox 1238 3018 1342 3053; x_wconf 85' lang='lat' dir='ltr'>multi</span> <span class='ocrx_word' id='word_1_441' title='bbox 1361 3025 1449 3052; x_wconf 84' lang='lat' dir='ltr'>ante</span> <span class='ocrx_word' id='word_1_442' title='bbox 1471 3028 1539 3052; x_wconf 88' lang='lat' dir='ltr'>nos</span> <span class='ocrx_word' id='word_1_443' title='bbox 1571 3015 1687 3051; x_wconf 89' lang='lat' dir='ltr'>multa</span> <span class='ocrx_word' id='word_1_444' title='bbox 1716 3015 1892 3051; x_wconf 74' lang='lat' dir='ltr'>dixerunt</span> <span class='ocrx_word' id='word_1_445' title='bbox 1912 3029 1919 3050; x_wconf 75' lang='grc' dir='ltr'>ε</span> <span class='ocrx_word' id='word_1_446' title='bbox 1943 3026 2027 3062; x_wconf 80' lang='lat' dir='ltr'>quae</span> <span class='ocrx_word' id='word_1_447' title='bbox 2046 3013 2132 3061; x_wconf 79' lang='lat' dir='ltr'>quia</span> <span class='ocrx_word' id='word_1_448' title='bbox 2164 3027 2233 3048; x_wconf 76' lang='lat' dir='ltr'>nos</span> 
     </span>
     <span class='ocr_line' id='line_1_71' title="bbox 1237 3073 2229 3124; baseline -0.004 -12"><span class='ocrx_word' id='word_1_449' title='bbox 1237 3089 1325 3112; x_wconf 74' lang='lat' dir='ltr'>vera</span> <span class='ocrx_word' id='word_1_450' title='bbox 1344 3084 1456 3124; x_wconf 82' lang='lat' dir='ltr'>atque</span> <span class='ocrx_word' id='word_1_451' title='bbox 1470 3075 1652 3111; x_wconf 71' lang='lat' dir='ltr'>catholiea</span> <span class='ocrx_word' id='word_1_452' title='bbox 1673 3087 1752 3110; x_wconf 77' lang='lat' dir='ltr'>esse</span> <span class='ocrx_word' id='word_1_453' title='bbox 1767 3075 2030 3123; x_wconf 69' lang='lat' dir='ltr'>cognoscimus</span> <span class='ocrx_word' id='word_1_454' title='bbox 2043 3102 2052 3113; x_wconf 79' lang='grc'>,</span> <span class='ocrx_word' id='word_1_455' title='bbox 2075 3073 2229 3121; x_wconf 73' lang='lat' dir='ltr'>(lignum</span> 
     </span>
     <span class='ocr_line' id='line_1_72' title="bbox 1239 3134 2226 3183; baseline -0.006 -11"><span class='ocrx_word' id='word_1_456' title='bbox 1239 3145 1291 3172; x_wconf 72' lang='lat' dir='ltr'>est</span> <span class='ocrx_word' id='word_1_457' title='bbox 1318 3144 1356 3171; x_wconf 86' lang='lat' dir='ltr'>ut</span> <span class='ocrx_word' id='word_1_458' title='bbox 1379 3144 1509 3171; x_wconf 84' lang='lat' dir='ltr'>nostro</span> <span class='ocrx_word' id='word_1_459' title='bbox 1533 3148 1574 3170; x_wconf 75' lang='lat' dir='ltr'>ea</span> <span class='ocrx_word' id='word_1_460' title='bbox 1596 3135 1744 3170; x_wconf 74' lang='lat' dir='ltr'>silentio</span> <span class='ocrx_word' id='word_1_461' title='bbox 1765 3134 2028 3183; x_wconf 66' lang='lat' dir='ltr'>approbemus.</span> <span class='ocrx_word' id='word_1_462' title='bbox 2063 3136 2101 3168; x_wconf 62' lang='lat' dir='ltr'>lit</span> <span class='ocrx_word' id='word_1_463' title='bbox 2129 3146 2226 3167; x_wconf 68' lang='lat' dir='ltr'>vom</span> 
     </span>
     <span class='ocr_line' id='line_1_73' title="bbox 1239 3192 2227 3243; baseline -0.006 -13"><span class='ocrx_word' id='word_1_464' title='bbox 1239 3195 1361 3231; x_wconf 76' lang='lat' dir='ltr'>munis</span> <span class='ocrx_word' id='word_1_465' title='bbox 1378 3194 1530 3243; x_wconf 71' lang='lat' dir='ltr'>quidem</span> <span class='ocrx_word' id='word_1_466' title='bbox 1550 3206 1680 3229; x_wconf 79' lang='lat' dir='ltr'>sensus</span> <span class='ocrx_word' id='word_1_467' title='bbox 1701 3202 1754 3228; x_wconf 72' lang='lat' dir='ltr'>est</span> <span class='ocrx_word' id='word_1_468' title='bbox 1773 3222 1781 3232; x_wconf 83' lang='grc'>,</span> <span class='ocrx_word' id='word_1_469' title='bbox 1802 3193 1904 3241; x_wconf 82' lang='lat' dir='ltr'>quod</span> <span class='ocrx_word' id='word_1_470' title='bbox 1924 3194 2004 3240; x_wconf 75' lang='lat' dir='ltr'>ejus</span> <span class='ocrx_word' id='word_1_471' title='bbox 2020 3192 2056 3227; x_wconf 84' lang='lat' dir='ltr'>in</span> <span class='ocrx_word' id='word_1_472' title='bbox 2078 3195 2227 3227; x_wconf 57' lang='lat' dir='ltr'>Jerusa-</span> 
     </span>
     <span class='ocr_line' id='line_1_74' title="bbox 1239 3250 2226 3303; baseline -0.007 -13"><span class='ocrx_word' id='word_1_473' title='bbox 1239 3255 1308 3290; x_wconf 85' lang='lat' dir='ltr'>l‹·m</span> <span class='ocrx_word' id='word_1_474' title='bbox 1330 3255 1537 3303; x_wconf 39' lang='lat' dir='ltr'>ingres-sue,</span> <span class='ocrx_word' id='word_1_475' title='bbox 1561 3254 1677 3302; x_wconf 75' lang='lat' dir='ltr'>ipsius</span> <span class='ocrx_word' id='word_1_476' title='bbox 1698 3262 1748 3288; x_wconf 64' lang='lat' dir='ltr'>cst</span> <span class='ocrx_word' id='word_1_477' title='bbox 1772 3253 1816 3288; x_wconf 68' lang='lat' dir='ltr'>ml</span> <span class='ocrx_word' id='word_1_478' title='bbox 1852 3252 2046 3287; x_wconf 59' lang='lat' dir='ltr'>ticclvsiam</span> <span class='ocrx_word' id='word_1_479' title='bbox 2077 3250 2226 3285; x_wconf 64' lang='lat' dir='ltr'>:ulwu—</span> 
     </span>
    </p>
   </div>
  </div>
 </body>
</html>
