2504 3928
349 183 369 215 :³
384 181 421 216 '27
1121 180 1409 217 GlLLEBERTl
1442 179 1638 214 ABBATIS
2320 180 2394 217 348

347 266 382 293 et
409 256 649 303 inu-lliginms
672 269 678 289 :
698 262 840 301 quanto
864 255 978 302 magis
999 255 1034 290 id
1062 255 1164 304 quod
1182 257 1260 305 ipse
1280 254 1391 292 est'⁷¹
1408 268 1502 302 vago
1532 254 1638 289 vultu
1673 262 1802 290 tenues
1825 254 1921 291 inter
1958 268 2067 291 auras
2103 264 2300 304 quaereret.
2339 259 2394 292 Tu

346 325 381 351 et
399 317 533 352 lactum
551 328 624 349 non
643 322 710 355 est,
729 322 866 349 nosti-:u
882 324 1083 364 exsuperat
1097 316 1250 352 modum
1269 329 1335 364 ap-
1354 320 1382 351 Α
1403 314 1501 349 enim
1526 312 1696 349 tenebras
1719 314 1830 363 ponis
1850 312 2045 350 latibulum
2065 323 2167 350 tuum
2187 313 2212 351 3.
2235 318 2318 351 Lux
2332 328 2371 351 es
2384 344 2393 360 ,

351 375 537 423 petentiw,
551 382 583 408 et
604 373 854 419 intelligentiae
869 373 1050 409 limitem?
1071 376 1176 418 Ecce,
1196 375 1313 423 inquit
1327 403 1336 419 ,

346 435 486 467 ‹hu-lim,
504 437 539 466 ise
557 446 629 475 em,
645 441 681 466 u!
690 433 829 475 flumen
841 436 959 479 pacis,
976 441 1010 467 et
1027 442 1065 467 ut
1080 442 1218 468 {turmas
1234 438 1337 468 iunu-

346 494 439 526 dems
456 494 588 538 glori«-
609 498 632 526 ¹.
662 490 850 539 Numquid
873 504 961 538 ergo
981 490 1183 527 absorbere
1202 493 1338 541 poterit

348 550 462 584 homo
485 550 621 584 llumcn
637 577 644 591 ‚
666 549 770 597 cnjus
789 550 949 598 impetus
971 551 1129 586 laetilieat
1150 552 1337 587 civitatem

349 609 412 645 Dei
429 624 436 649 ;
458 618 494 643 et
513 608 710 644 exhaurire
731 609 933 644 jordanem
947 638 956 653 ,
977 618 1017 645 nt
1036 618 1134 646 totus
1150 611 1184 646 in
1198 625 1240 646 os
1255 611 1336 659 ejus

347 666 475 701 inlluat
491 668 504 700 ‘z‘
521 668 628 709 vcro,
649 666 821 711 Domine,
840 680 914 702 non
937 668 1193 714 angustianmr
1214 669 1249 704 in
1271 678 1304 704 tc
1325 684 1332 704 ε

349 733 385 759 tu
423 725 521 760 enim
546 724 610 759 das
638 725 856 770 affluentem
879 739 946 761 nec
978 727 1104 775 paucis
1141 727 1205 763 das
1223 756 1231 772 ,
1267 742 1334 763 nee

347 796 464 831 pauca
496 783 578 826 das,
610 796 675 818 nec
702 797 814 832 parco
845 793 880 820 ct
910 786 1148 822 remordente
1183 787 1334 832 animo,

347 842 579 890 praeveniens
618 843 770 886 merita,
808 851 843 878 et
879 844 1064 881 excedens
1097 854 1182 881 vota
1211 860 1218 881 :
1259 859 1334 880 non

347 902 605 949 angustiamur
633 902 668 936 in
697 910 749 946 te,
778 904 1034 950 angustiamur
1064 913 1187 940 autem
1212 905 1247 940 in
1280 905 1336 939 vi—

349 960 516 995 sceribus
551 961 698 996 nostris.
733 963 868 996 Tantas
903 961 1081 997 habentes
1114 963 1335 1010 promissio-

1403 382 1439 408 et
1461 371 1655 408 latibulum
1677 386 1684 407 :
1708 373 1827 408 lucem
1849 373 2032 421 siquidem
2060 373 2204 409 habitas
2231 374 2393 410 inacces-

1408 431 1552 467 sibilem
1572 432 1597 467 ⁴.
1624 435 1826 480 Propterea
1846 430 1955 467 nobis
1974 431 2137 480 tenebrae
2154 460 2163 477 ,
2183 431 2321 480 quibus
2340 440 2395 467 est

1696 504 1703 524 :
1731 489 1795 525 scd
1827 490 1856 525 si
1889 490 2149 526 inaccessibilis
2173 491 2290 535 visui,
2317 503 2393 526 non

1407 558 1528 585 tamen
1546 558 1581 584 et
1598 549 1677 584 voci
1695 564 1704 594 ;
1722 549 1895 597 quiaquo
1917 562 1992 584 non
2012 549 2252 598 approximat
2269 549 2363 584 ratio
2381 576 2391 594 ‚

1406 490 1666 526 inaccessibilis

1406 609 1607 657 pertransit
1649 608 1782 643 oratio.
1821 610 1971 643 Clamor
1986 635 1996 651 ,
2040 608 2179 656 inquit,
2220 620 2321 642 meus
2355 611 2394 642 ιή

1400 676 1592 714 conspectu
1614 671 1692 711 (jus
1711 671 1870 701 itm-olvit
1902 671 1939 701 Ῐη
1960 680 2066 701 aures
2089 671 2167 711 ‹J'tcs
2187 665 2213 701 ⁵.
2238 669 2336 713 Ergo
2356 673 2394 700 et

1400 728 1541 762 clamor
1561 733 1689 760 noster
1720 725 1832 761 intret
1864 726 1900 760 in
1931 733 2135 774 conspeetu
2166 734 2253 770 tuo,
2287 733 2328 761 ut
2356 733 2394 759 et

1402 786 1479 833 ipse
1505 783 1706 832 egrediaris
1726 784 1762 819 in
1795 792 1998 832 conspectu
2028 792 2177 828 nostro;
2201 792 2238 819 et
2266 782 2392 818 indul-

1401 856 1485 891 geas
1503 843 1558 878 vel
1590 842 1734 888 videri,
1755 843 1818 891 qui
1838 851 1872 878 te
1891 856 1964 878 non
1985 842 2074 878 sinis
2105 842 2234 877 teneri.
2258 843 2392 876 Rever-

1401 910 1490 946 κη’,
1514 910 1700 944 ramenta-e,
1718 911 1759 936 ut
1777 906 1984 936 iutueamur
2007 910 2041 936 ce
2054 914 2065 935 .·
2086 908 2124 934 ut
2143 896 2390 941 iutueamur-⁶,

1403 961 1524 995 donee
1549 969 1752 996 teneamus.
1776 962 1979 1004 Reve,=1·l‹‚·1·‹:‚
2004 961 2134 994 simt‘lis
2154 969 2243 1004 esto,
2265 960 2394 993 dilecte

348 1032 411 1054 nes
424 1047 432 1063 ‚
455 1019 680 1062 charissimi,
698 1018 898 1054 dilatemur
915 1029 950 1055 et
969 1033 1050 1064 nos,
1071 1020 1270 1057 dilatemur
1290 1021 1334 1057 ad
1358 1024 1383 1057 B
1401 1024 1452 1054 mi
1465 1047 1475 1063 ‚
1490 1033 1636 1067 caprea*
1655 1027 1720 1052 aa!
1739 1019 1891 1053 hinnulo
1909 1032 2104 1063 cervorum,
2126 1031 2238 1065 super
2251 1027 2389 1052 montes

346 1078 554 1126 optandum
570 1106 578 1121 ,
595 1086 634 1112 nt
649 1077 847 1113 dilatemur
863 1078 909 1113 ad
927 1078 1189 1115 obtinendum.

400 1138 434 1172 5.
466 1139 541 1180 Tu,
580 1137 757 1181 Domine,
795 1145 832 1171 tu
865 1137 990 1185 potius
1016 1138 1163 1186 placido
1196 1146 1232 1174 et
1265 1138 1336 1173 leni

346 1196 487 1244 allapsu
512 1194 692 1231 ubertatis
715 1196 809 1245 tute(
835 1196 931 1232 viam
953 1198 1050 1232 enim
1075 1197 1335 1233 mandatorum

348 1263 496 1290 tuorum
533 1255 704 1299 cucurri,
737 1268 820 1290 cum
844 1255 1003 1291 dilatasti
1035 1260 1100 1291 cor
1130 1270 1253 1291 mcum
1275 1256 1336 1305 ²),

345 1313 410 1361 qui
447 1313 582 1348 ciclum
623 1313 717 1347 sicut
757 1314 890 1361 pellem
931 1314 1121 1359 extendis,
1155 1322 1337 1350 vetustam

347 1373 477 1407 factam
500 1371 624 1407 cordis
642 1372 712 1407 mei
737 1373 897 1420 pellem,
920 1381 955 1408 et
978 1373 1085 1408 inerti
1110 1381 1338 1408 contractam

346 1431 416 1466 situ
437 1431 567 1466 leniter
581 1430 764 1474 extende,
781 1443 889 1478 rugas
906 1430 986 1478 ejus
997 1431 1142 1479 explica
1156 1459 1165 1475 ,
1185 1432 1339 1467 extrahe

347 1490 471 1532 sinus,
490 1488 602 1524 dilata
630 1489 861 1536 receptacula
893 1504 900 1524 :
925 1498 965 1525 ut
999 1490 1077 1525 sine
1110 1502 1284 1525 mensura
1305 1498 1339 1526 te

346 1549 627 1597 concupiscam,
653 1556 687 1583 et
709 1548 787 1583 sine
810 1561 982 1585 mensura
1009 1549 1172 1598 capiam,
1193 1549 1340 1597 capaci-

345 1621 449 1643 orem
477 1620 535 1642 me
561 1607 668 1642 faciat
686 1607 763 1642 haec
785 1615 910 1642 sancta
942 1607 1137 1656 cupiditas.
1157 1608 1215 1643 Sic
1239 1607 1338 1643 enim

346 1665 588 1714 experientiae
622 1665 723 1701 tenui
752 1665 948 1714 praelibato
971 1674 1102 1714 gustu,
1138 1679 1212 1713 quo
1250 1665 1340 1701 lidcs

349 1724 565 1773 persuadet,
588 1723 810 1772 prsevolabit
837 1725 1016 1768 affectus3
1039 1732 1075 1759 et
1096 1724 1248 1759 rationis
1268 1724 1340 1759 im-

350 1783 497 1830 pulsum
521 1781 662 1818 fervida
694 1795 767 1817 non
796 1781 1029 1831 exspectabit
1065 1782 1261 1817 alacritas:
1290 1782 1338 1817 ita
1358 1782 1385 1817 C

346 1842 444 1876 inter
465 1841 705 1876 tentationem
723 1841 816 1877 dura
835 1856 876 1877 ac
894 1842 1073 1877 diuturna
1091 1841 1214 1877 minus
1229 1839 1337 1876 labo-

346 1899 441 1935 rabit
463 1899 578 1935 sancti
597 1900 806 1935 constantia
828 1901 1011 1949 propositi
1030 1927 1039 1943 ‚
1062 1899 1240 1949 propensi
1268 1899 1338 1935 de·

345 1958 471 1995 siderii
492 1967 527 1994 et
550 1959 619 2008 pise
639 1960 716 2008 spei
737 1961 1014 2008 exspectatione
1040 1968 1241 2009 protracta.
1269 1957 1340 1996 Sed

346 2027 605 2066 exspectemus
632 2018 689 2053 hic
712 2026 749 2053 et
776 2019 1002 2068 respiremus
1022 2018 1215 2068 paululum
1247 2018 1341 2054 sesso

348 2086 543 2126 parcentes
581 2078 751 2127 spiritui,
798 2087 837 2114 ut
874 2078 981 2114 brevi
1015 2079 1114 2115 sotus
1143 2077 1340 2114 intervallo

350 2136 529 2172 fervidior
558 2144 743 2183 exsurgat.

349 2269 1314 2280 ====================================================================
1319 2269 1343 2277 n

542 2389 587 2441 T
599 2386 993 2442 RACTATUS
1052 2387 1153 2440 ΙΙΙ.

483 2528 548 2558 Vite
567 2534 594 2558 et
620 2527 726 2568 patriae
749 2537 839 2567 qnam
862 2525 1022 2567 disparsit
1047 2525 1203 2566 gaudium.

744 2647 955 2660 --aen-OOOQ—

410 2776 439 2810 1.
464 2778 654 2811 Nocturna
673 2773 799 2821 quiete
819 2786 838 2808 a
870 2780 904 2807 te
921 2771 1079 2807 resectos
1098 2770 1251 2819 dignum
1288 2778 1342 2805 est

354 2848 441 2878 nos,
476 2833 654 2875 Domine,
688 2832 723 2866 in
758 2830 942 2866 matutino
972 2838 1091 2866 astare
1127 2828 1217 2864 tibi:
1244 2836 1341 2863 asta-

354 2907 410 2937 re,
439 2906 483 2928 an
508 2891 642 2939 sequi?
672 2889 773 2926 Felix
794 2890 856 2938 qui
891 2898 925 2924 te
954 2889 1177 2925 assidentem
1200 2886 1342 2923 foribus

353 2953 430 2986 suis
458 2949 648 2985 matutinis
681 2948 885 2993 invenerit,
915 2955 955 2983 ut
989 2955 1109 2983 astare
1138 2945 1272 2994 possit,
1304 2954 1341 2980 et

354 3018 472 3045 astare
490 3008 526 3043 in
546 3020 742 3056 vesperum
758 3021 766 3051 ;
792 3020 836 3043 ne
857 3006 982 3042 subito
1000 3007 1167 3055 elapsum
1189 3004 1339 3050 volatu,

1399 1088 1604 1112 aromatum
1629 1084 1654 1113 7.
1675 1080 1811 1113 &imnis
1831 1086 1904 1112 esto
1925 1105 1933 1121 ‚
1956 1077 2102 1126 inquit,
2130 1089 2278 1124 capreoe
2301 1089 2312 1110 :
2338 1075 2394 1111 vi-

1404 1136 1523 1171 dearis
1537 1164 1546 1180 ‚
1569 1144 1606 1171 ct
1624 1136 1772 1181 avoles;
1792 1135 1907 1180 adsis,
1924 1144 1960 1171 et
1979 1137 2131 1184 elonges
2147 1150 2154 1171 :
2175 1135 2272 1171 adsis
2288 1147 2394 1184 aspc—

1403 1196 1502 1239 ctui,
1533 1195 1732 1230 absentans
1766 1203 1799 1231 te
1827 1195 1950 1231 tactui.
1984 1195 2153 1243 Denique
2180 1203 2217 1230 et
2245 1193 2393 1230 mulieri

1405 1254 1542 1289 dicitur
1571 1268 1578 1289 :
1602 1255 1689 1288 Noli
1709 1267 1766 1289 me
1796 1263 1946 1301 tangere
1972 1252 1986 1274 ⁸
2004 1282 2014 1299 ,
2042 1261 2079 1289 et
2097 1253 2202 1302 quasi
2231 1251 2392 1301 quadam

1404 1312 1645 1361 experientiae
1676 1312 1748 1348 {ida
1780 1321 1977 1348 attrectare
2015 1325 2140 1348 manu.
2165 1314 2280 1356 Ecce,
2317 1314 2395 1347 Do-

1407 1372 1506 1407 mine
1519 1398 1528 1415 ,
1544 1384 1696 1406 manum
1715 1371 1898 1416 abstineo,
1917 1371 2066 1407 oculum
2089 1370 2255 1406 intendo.
2278 1372 2395 1406 Mam,-

1405 1429 1534 1464 astabo
1567 1429 1631 1465 tibi
1668 1439 1703 1465 et
1731 1431 1862 1466 videbo
1883 1438 1910 1466 9.
1946 1435 2008 1467 Vae
2033 1430 2144 1474 mihi,
2177 1429 2207 1466 si
2237 1437 2274 1465 et
2302 1428 2393 1464 illud

1404 1487 1581 1523 audiam:
1615 1491 1746 1524 Averce
1777 1492 1898 1524 oculos
1934 1498 2011 1524 taos
2040 1502 2064 1523 a
2092 1502 2150 1523 me
2168 1515 2180 1531 ,
2218 1492 2393 1535 quoniam

1405 1551 1478 1594 ipsi
1498 1560 1555 1581 me
1572 1549 1721 1582 avolare
1732 1545 1905 1593 fi’cerunt
1919 1553 1960 1582 ¹⁰.
1985 1551 2043 1584 An
2068 1547 2162 1583 forte
2183 1546 2274 1582 dum
2301 1546 2395 1594 fugis

1405 1613 1615 1653 aspectum,
1663 1605 1842 1642 accendes
1882 1605 2131 1650 desiderium,
2176 1613 2218 1640 ut
2260 1604 2395 1640 anxius

1404 1664 1604 1712 quaeraris,
1632 1664 1720 1700 dum
1750 1665 1909 1714 amplius
1940 1665 2086 1700 amaris.
2116 1663 2287 1712 Denique
2310 1664 2395 1712 fuga

1407 1731 1468 1758 tua
1486 1736 1554 1759 nos
1571 1723 1716 1760 avidius
1736 1723 1782 1759 ad
1803 1736 1953 1759 cursum
1971 1723 2157 1759 sollicitat.

1459 1782 1492 1817 2.
1519 1782 1610 1828 Quis
1631 1791 1746 1830 ponet
1776 1781 1891 1830 pedes
1914 1794 2016 1817 meos
2039 1781 2144 1829 quasi
2166 1792 2388 1824 cervorum,

1403 1847 1444 1875 nt
1462 1840 1599 1888 possim
1628 1840 1825 1889 expeditus
1845 1848 1881 1875 et
1906 1841 2028 1876 alacer
2061 1840 2161 1875 hunc
2188 1838 2386 1875 hinnulum

1405 1898 1540 1946 sequi?
1566 1898 1789 1935 domesticas
1818 1898 2009 1935 dediscere
2033 1910 2160 1943 curas,
2186 1906 2224 1934 et
2255 1896 2394 1933 coelesti

1405 1955 1443 1990 in
1461 1955 1662 1992 solitudine
1687 1957 1906 1993 silvescere?
1935 1959 2082 1992 Bonum
2112 1965 2168 1992 est
2198 1954 2396 1991 exonerari

1407 2026 1445 2049 se
1479 2013 1561 2062 ipso
1579 2042 1588 2059 ‚
1618 2027 1734 2051 onere
1753 2014 1992 2063 gravissimo,
2019 2022 2056 2049 et
2074 2026 2292 2063 caprearum
2308 2025 2396 2049 sen-

1408 2072 1476 2107 sim
1499 2072 1534 2107 in
1559 2072 1747 2109 levitatem
1764 2073 1934 2109 deficere.
1957 2076 2159 2121 Propterea
2188 2071 2395 2120 propheta,

1409 2132 1492 2161 lVou
1517 2130 1703 2172 laboravi,
1728 2132 1869 2177 inquit,
1905 2140 1963 2174 te,
2003 2133 2163 2166 DomI'ne
2179 2159 2190 2175 ‚
2224 2143 2394 2177 sequens.

1408 2187 1545 2222 Verum
1563 2195 1618 2222 est
1641 2187 1743 2236 quod
1756 2187 1846 2223 dieis
1859 2216 1868 2232 ,
1888 2186 2084 2223 benedicte
2107 2187 2291 2236 propheta
2303 2216 2312 2232 ‚
2330 2200 2398 2223 ve-

1409 2256 1491 2278 rum
1516 2253 1589 2289 est,
1617 2245 1682 2281 sed
1703 2245 1824 2281 adlme
1844 2258 1976 2294 parum
1995 2259 2004 2290 ;
2026 2257 2104 2280 non
2129 2244 2301 2280 laborare
2320 2257 2396 2280 non

1409 2302 1562 2348 suflicit,
1582 2304 1650 2339 uisi
1668 2313 1704 2340 et
1720 2305 1865 2340 laeteris.
1887 2304 1977 2340 Ideo
1993 2303 2095 2352 quod
2117 2312 2157 2340 tu
2175 2304 2298 2340 minus
2317 2304 2397 2339 elo-

1409 2361 1557 2407 queris,
1597 2363 1690 2399 alius
1711 2363 1952 2412 perexplicat.
1989 2364 2165 2407 Cantent,
2189 2362 2331 2410 inquit,
2355 2366 2394 2397 in

1408 2422 1482 2452 viis
1512 2422 1690 2464 Domini,
1721 2427 1897 2468 quomam
1927 2435 2066 2469 magna
2095 2429 2147 2456 est
2169 2423 2290 2466 gloria
2319 2423 2398 2455 Do-

1409 2480 1498 2511 mini
1520 2483 1545 2497 ¹¹
1573 2491 1579 2512 :
1603 2479 1769 2528 itemque
1787 2508 1797 2525 ,
1821 2478 2032 2515 cantabiles
2051 2478 2144 2512 milei
2167 2486 2272 2512 erant
2285 2482 2398 2522 stavel-

1359 2537 1392 2570 D
1400 2535 1602 2580 ficationes
1629 2547 1706 2572 [me
1738 2543 1776 2572 ιή
1799 2539 1876 2571 loco
1899 2540 2211 2584 peregritmtione's
2233 2549 2328 2571 meoe
2351 2543 2392 2573 ¹².

1408 2596 1543 2629 Totum
1580 2594 1679 2631 intus
1713 2595 1856 2643 agitur,
1889 2594 1927 2630 in
1961 2593 2074 2630 corde
2102 2593 2201 2630 enim
2223 2594 2370 2630 canitur
2389 2609 2397 2630 ε

1410 2662 1548 2688 namet
1579 2654 1629 2690 ibi
1660 2655 1836 2691 curritur.
1872 2657 2115 2689 Ascensiones
2135 2657 2172 2688 in
2204 2655 2313 2689 corde
2332 2667 2396 2689 ,ςαο

1412 2713 1591 2758 disposuit
1605 2718 1642 2748 in
1658 2717 1760 2749 valle
1774 2718 2016 2760 lacrymarum
2030 2713 2074 2749 ¹3.
2091 2716 2183 2760 Quae
2196 2721 2252 2749 est
2273 2721 2395 2749 tamen

1409 2769 1476 2804 ista
1504 2773 1599 2807 ratio
1630 2772 1866 2809 ascendentis
1894 2785 1979 2808 cum
2012 2772 2199 2817 lamento,
2222 2779 2258 2807 et
2283 2785 2396 2821 pere-

1408 2828 1590 2876 grinantis
1611 2846 1695 2868 cum
1722 2832 1867 2868 cantico
1881 2859 1891 2877 ‚
1914 2845 1998 2867 cum
2017 2839 2080 2867 aut
2102 2831 2298 2866 lamentari
2319 2844 2395 2867 non

1408 2888 1525 2934 possit
1540 2890 1575 2924 in
1592 2892 1729 2939 patria,
1746 2899 1810 2927 aut
1828 2891 1942 2927 laetari
1957 2891 1995 2926 in
2013 2898 2114 2926 terra
2130 2890 2274 2925 aliena?
2299 2892 2395 2936 Quo-

1407 2949 1512 2980 modo
1529 2950 1759 2985 cantabimus
1778 2955 1958 2985 canticum
1973 2952 2120 2984 Domini
2131 2953 2168 2983 ιή
2187 2956 2284 2983 terra
2301 2951 2396 2983 alic*-

1406 3019 1456 3040 ηα
1475 3010 1501 3035 ¹⁴⁵
1519 3010 1533 3044 Ρ
1554 3010 1625 3046 Sed
1658 3010 1771 3054 sorte„
1795 3010 1870 3045 imo
1899 3017 1998 3045 certe
2024 3007 2089 3056 qui
2109 3020 2222 3056 super
2243 3007 2398 3043 flumina

402 3159 408 3173 ¹
430 3154 498 3183 isai.
520 3163 616 3187 Lxx-1,
641 3155 691 3181 12.
709 3168 749 3172 ——
770 3151 1077 3187 ²l‘sal.cxv111‚32.
1092 3168 1133 3172 ——
1160 3148 1172 3170 ³
1192 3151 1271 3180 Psal.
1288 3161 1357 3179 xvii
1371 3173 1378 3187 ‚
1407 3154 1458 3181 12.
1476 3167 1519 3172 —-
1536 3148 1675 3179 41Tim.
1694 3160 1744 3185 vi,
1769 3152 1820 3179 16.
1835 3165 1879 3170 —
1900 3144 1912 3168 ⁵
1932 3146 2012 3176 Psal.
2029 3156 2117 3182 xvir,
2140 3148 2170 3176 7.
2186 3164 2228 3169 -—
2246 3143 2262 3165 6
2278 3145 2395 3176 Cantic.

352 3210 533 3238 x1.12.-
553 3204 693 3239 71‹l.1r,
720 3206 916 3238 l7,etv1n,
941 3205 991 3232 Η.
1011 3221 1050 3225 m
1067 3204 1079 3222 ⁸
1094 3206 1185 3232 Joan.
1200 3205 1335 3237 xx,17.
1351 3222 1394 3225 —
1420 3210 1435 3231 9
1459 3202 1536 3233 Psal.
1557 3212 1586 3236 v.
1607 3205 1635 3231 [ι.
1660 3219 1701 3223 —
1726 3206 1754 3221 ¹⁰
1773 3199 1890 3231 Cantic.
1911 3209 1964 3235 vt,
1987 3200 2017 3227 si.
2034 3215 2076 3219 —-—
2099 3202 2123 3217 ¹¹
2146 3197 2224 3228 rsat.
2240 3208 2396 3235 cxxxvn,

357 3264 415 3289 .'=.-
464 3259 584 3287 ''l’srl
605 3268 722 3293 cxviii,
744 3258 797 3285 sisu.
837 3255 1278 3291 --¹³r,sal.=1xxxu=‚ss,7.

1319 3273 1340 3277 ’ν
1363 3255 1389 3278 'l
1409 3255 1486 3284 Peat.
1503 3264 1625 3282 cxxxvi
1640 3277 1646 3289 ,
1666 3256 1695 3283 st.
