2504 3928
298 156 370 192 307

1065 158 1357 194 GlLLEBER'l'I
1390 161 1584 196 ABBATIS

295 234 431 269 ostium
455 245 529 268 uon
553 241 606 268 cst
619 259 628 275 ‚
651 232 787 281 passim
811 231 952 281 patebit
971 233 1158 282 ingressus
1178 233 1282 270 omui
1298 233 1473 284 '³⁰patet‚
1493 235 1555 270 sed
1573 234 1640 271 soli
1657 247 1802 284 sponsae
1818 234 1960 285 praebet
1975 249 2175 274 accessum.
2191 241 2232 275 In
2250 241 2340 275 Eze-

2266 163 2340 198 308

295 292 512 327 transeunti.
534 292 568 326 si
593 291 727 326 ostium
755 292 921 327 clausum
946 301 1023 337 est,
1046 294 1110 329 sed
1134 294 1282 342 pessulo
1301 298 1329 331 A
1349 295 1466 330 cbiele
1494 294 1628 330 multas
1661 294 1843 331 ostiorum
1874 295 2067 332 distantias
2091 296 2220 345 legis⁴‚
2248 310 2341 346 quas

295 364 370 386 non
388 351 602 386 obseratum
617 366 625 394 ;
643 351 738 387 facili
754 351 860 387 cedet
874 360 910 387 et
931 352 1071 401 patebit
1093 353 1283 401 impulsui,

294 411 502 445 clausuram
525 423 599 445 uon
625 410 764 446 liabens
786 411 1001 447 firmiorem.
1024 411 1127 447 llabe
1145 420 1285 448 utrum-

294 483 368 517 que
382 470 518 505 ostium
537 470 842 514 circumstantiae,
859 479 893 506 et
909 472 1097 520 pessulum
1113 480 1285 507 constan-

296 528 365 563 tiae.
388 529 560 577 Prospiee
579 530 882 575 circinustanter‚
904 530 1032 567 resiste
1053 539 1280 566 constanter.

294 587 444 624 Oblivio
462 597 497 623 et
516 589 723 636 ignorantia
744 603 818 625 non
840 589 1021 639 subripiat
1035 619 1043 634 ‚
1065 588 1286 639 improbitas

297 660 373 682 non
397 647 590 696 irrumpat.
617 652 659 684 lit
681 649 709 684 si
731 649 779 685 ita
801 650 916 686 mavis
934 649 1165 698 distinguere
1180 679 1188 694 ‚
1207 652 1284 686 sol-

294 704 433 739 lieitam
463 705 824 753 praemeditationem
852 716 983 756 reputa
1010 709 1168 752 ostium,
1199 722 1286 744 ora-

298 763 437 798 tionem
471 765 575 812 quasi
608 766 810 813 pessulum.
843 766 919 801 Tali
955 767 1141 801 firmatum
1176 779 1286 815 repa-

296 822 402 870 gulo,
421 823 544 859 hostili
566 837 640 860 non
661 825 799 874 patebit
818 826 993 873 impulsui
1011 825 1146 861 ostium
1166 834 1283 861 tutun.

302 881 549 928 (laniintavit,
578 885 696 932 inquit
728 885 936 929 l‘salmista‚
966 898 1069 919 seraa·
1093 894 1287 931 [nu-taram

300 949 445 975 tam-am
463 948 484 976 ¹.
506 945 640 977 Nonne
660 943 695 977 in
717 943 808 978 seris
825 951 861 978 et
887 943 1008 991 portis
1027 943 1130 978 velut
1152 943 1287 978 ostium

1352 353 1464 389 modo
1487 354 1638 400 longum
1661 362 1757 390 esset
1778 355 1968 403 prosequi.
1989 358 2254 392 Verumtamen
2272 369 2341 406 pa-

1352 427 1433 449 rum
1453 413 1541 461 quid
1568 414 1745 449 interesse
1769 422 1902 462 reputo
1919 442 1928 458 ,
1958 423 2045 449 tune
2071 414 2115 450 ad
2144 415 2248 450 illuni
2278 415 2339 451 in-

1350 473 1550 520 grediaris,
1572 487 1617 509 an
1639 473 1683 509 ad
1709 481 1741 509 te
1759 473 1838 522 ipse
1858 487 1865 508 :
1891 474 1960 510 uisi
1977 473 2078 522 quod
2099 482 2187 510 tunc
2204 475 2342 512 videris

1351 530 1492 579 ingredi
1528 531 1572 567 ad
1604 532 1746 580 ipsum,
1775 545 1860 568 cum
1892 541 1930 568 tu
1961 533 2065 581 quasi
2094 534 2278 582 praevenis
2305 542 2343 570 et

1352 591 1458 639 prior
1476 604 1604 638 rogas3
1626 591 1704 640 ipse
1724 605 1815 627 vero
1837 591 1880 627 ad
1905 600 1958 637 tc,
1977 605 2061 628 cum
2081 592 2161 641 ipse
2181 601 2214 629 tc
2241 606 2341 642 prae—

1352 650 1453 684 venit
1466 677 1474 693 ‚
1500 649 1622 698 pulsat
1644 650 1818 685 affectum
1831 679 1840 694 ‚
1858 651 2086 699 improvisus
2106 650 2289 697 illabitur,
2306 660 2344 688 et

1352 709 1402 744 nil
1424 708 1494 744 talc
1513 708 1756 744 meditantem
1775 709 1972 758 inspcratae
1989 709 2198 747 dulcedinis
2217 719 2344 747 movet

1351 775 1503 803 attactu.

1403 828 1438 864 3.
1460 827 1619 874 Quando
1639 828 1763 876 pulsat
1780 828 1851 864 hoc
1868 827 1981 864 modo
1996 828 2042 864 ad
2061 829 2197 864 ostium
2216 837 2342 875 tuum,

1354 886 1431 922 noli
1453 887 1591 922 morari
1613 901 1620 923 :
1646 900 1778 934 surge,
1802 887 1953 932 festina,
1975 900 2021 923 ne
2053 888 2147 923 forte
2168 887 2341 925 declinet.

1354 948 1445 981 Nam
1472 953 1509 980 et
1538 945 1574 981 in
1596 946 1666 981 hoc
1698 946 1780 981 loco
1801 946 1852 982 sic
1875 945 2014 982 babes:
2039 948 2227 981 Pessntmn
2259 952 2344 983 ostii

298 1007 333 1033 et
357 1000 545 1047 pessulum
568 1000 631 1037 tibi
655 1001 790 1037 videris
810 1001 968 1037 audire?
988 1005 1200 1050 Utrumque
1219 1016 1285 1037 ne-
1306 1003 1330 1036 B
1351 1009 1424 1039 mei
1449 1009 1576 1051 aperui
1608 1007 1768 1048 (laeam
1799 1014 1840 1040 at
1866 1007 1928 1040 ille
1959 1007 2211 1040 declinaverat
2233 1013 2345 1053 atque

297 1058 497 1094 cessarium
517 1068 594 1104 est,
620 1060 683 1095 sed
708 1070 838 1097 eontra
859 1061 1011 1097 insidias
1032 1061 1185 1096 inimici.
1210 1060 1282 1098 Ubi

298 1128 428 1153 vocem
446 1126 482 1152 et
502 1119 651 1166 pulsum
673 1119 778 1155 audis
801 1120 948 1164 dilecti,
972 1119 1036 1155 ubi
1056 1133 1187 1155 manns
1205 1119 1285 1167 ejus

299 1174 493 1221 subtilem,
512 1186 548 1213 et
564 1190 629 1226 per
644 1178 811 1214 foramen
828 1179 941 1214 sentis
959 1186 1161 1222 attactum;
1182 1180 1287 1214 aufer

299 1236 514 1283 pessulum,
543 1237 678 1273 ostium
699 1238 821 1286 aperi,
848 1245 981 1273 cuncta
1001 1237 1135 1273 cedant
1155 1236 1284 1273 obsta—

300 1294 410 1330 cula:
435 1295 463 1330 si
491 1295 569 1331 lieri
599 1305 742 1345 potest,
774 1296 937 1332 medium
961 1297 1136 1345 parietem
1169 1304 1288 1332 totum

301 1353 424 1398 aufer,
446 1362 486 1390 ut
513 1354 627 1391 libere
649 1369 687 1391 se
708 1354 773 1391 tibi
799 1356 956 1391 dilectus
988 1364 1073 1391 tuus
1102 1355 1286 1391 infundat.

301 1413 523 1450 Sollicitudo
551 1414 730 1450 adversus
758 1423 986 1451 tentamenta
1014 1414 1229 1450 daemonum
1252 1415 1288 1450 in

301 1474 536 1510 securitatem
558 1483 726 1511 vertatur
746 1475 790 1512 dc
810 1476 1010 1525 praesentia
1028 1476 1157 1524 sponsi
1177 1490 1184 1511 :
1207 1488 1291 1512 cau-

303 1532 410 1568 telam
439 1533 584 1571 hostem
614 1535 818 1584 repellendi
850 1536 886 1571 in
917 1535 1136 1584 perfruendi
1165 1536 1290 1572 dilecti

301 1593 447 1639 copiam
477 1602 592 1630 verte.
622 1595 766 1632 Ostium
797 1595 985 1644 aperuisse
1011 1608 1050 1631 sc
1079 1596 1205 1641 novit,
1226 1595 1291 1644 qui

303 1649 396 1685 dixit
416 1666 423 1686 τ
446 1654 626 1689 Paralum
651 1667 712 1688 cor
733 1667 874 1699 metim,
896 1657 993 1688 Deus
1005 1684 1015 1700 ‚
1034 1662 1208 1701 paratam
1231 1666 1294 1688 cor

310 1723 429 1745 meum
447 1717 472 1747 ².

1350 1067 1561 1098 transierat.
1589 1065 1664 1100 Cur
1683 1062 1784 1107 abis,
1810 1067 1896 1100 Jesu
1920 1064 2046 1099 bone?
2066 1077 2133 1099 cur
2153 1063 2345 1101 declinas?

1351 1135 1419 1157 cur
1438 1121 1636 1158 defraudas
1654 1122 1827 1158 dilectam
1847 1137 1866 1159 a
1887 1122 2072 1159 desiderio
2094 1124 2190 1160 suo?
2207 1126 2260 1159 Tu
2278 1123 2345 1160 de-

1351 1180 1529 1216 siderium
1546 1180 1710 1225 inducis,
1729 1189 1766 1216 tu
1782 1181 2067 1217 delectationem
2081 1181 2270 1218 subducis.
2287 1186 2344 1219 An

1353 1240 1448 1276 sorte
1464 1240 1534 1276 hoc
1554 1240 1666 1276 modo
1682 1241 1717 1276 in
1734 1241 1912 1289 majorem
1931 1241 2144 1277 aviditatem
2162 1249 2197 1277 et
2214 1241 2347 1277 arden—

1356 1300 1427 1335 tius
1442 1299 1668 1335 ‹lesiderium
1683 1300 2023 1348 concupiscentiam
2039 1299 2241 1349 protrahis,
2256 1300 2346 1337 dum

1355 1359 1498 1407 copiam
1527 1357 1738 1394 subtrahis?
1768 1362 1821 1395 lta
1850 1367 1917 1395 est.
1943 1359 2054 1394 Plane
2088 1359 2137 1394 ita
2166 1367 2231 1395 est.
2261 1363 2347 1396 Istae

1354 1418 1491 1453 amoris
1524 1418 1672 1454 fallaciae
1705 1418 1826 1467 ipsum
1858 1431 2021 1454 amorem
2052 1418 2167 1465 magis
2197 1418 2346 1455 inflam-

1356 1485 1479 1521 mant,
1505 1476 1550 1512 acl
1574 1477 1654 1525 ejus
1673 1477 1863 1513 cumulum
1886 1477 2087 1526 proliciunt
2106 1476 2193 1512 dum
2211 1478 2262 1513 sic
2283 1477 2350 1514 de-

1355 1536 1512 1586 cipiunt.
1535 1536 1612 1572 Illae
1630 1535 1825 1572 dominicae
1846 1535 2128 1572 resurrectionis
2146 1536 2351 1585 apparitio-

1357 1608 1422 1631 nes
1450 1608 1561 1644 quam
1592 1594 1726 1631 breves
1755 1603 1881 1639 erant,
1907 1608 2019 1643 quam
2045 1593 2176 1631 subitae
2195 1622 2204 1639 ‚
2237 1608 2348 1644 quam

1359 1655 1507 1691 succisae
1525 1657 1532 1690 l
1569 1653 1801 1701 Quibusdam
1835 1653 1899 1689 vix
1924 1652 2000 1700 jam
2031 1653 2178 1702 agnitus
2204 1661 2280 1698 est,
2315 1663 2351 1690 ct

1360 1714 1481 1749 statim
1508 1713 1655 1761 clapsus
1675 1720 1741 1748 est.
1767 1715 1850 1747 Non
1872 1724 1911 1747 sc
1940 1711 2081 1759 patitur
2098 1710 2145 1747 ab
2164 1711 2353 1759 aliquibus

359 1770 392 1804 2.
410 1772 611 1817 Quomodo
626 1772 722 1808 ostio
739 1780 821 1821 eget
841 1775 947 1807 Jesus
961 1798 969 1814 ‚
989 1771 1053 1819 qui
1071 1771 1107 1806 in
1124 1774 1296 1817 Evangc-
1315 1770 1342 1805 C
1362 1772 1473 1821 tangi.
1499 1772 1590 1807 Aliis
1611 1771 1744 1807 clausis
1774 1770 1940 1806 illabitur
1954 1770 2078 1818 januis
2091 1798 2101 1815 ‚
2135 1771 2219 1806 ostii
2243 1784 2354 1820 aper—

301 1826 350 1862 lio
372 1829 421 1864 ait
440 1844 446 1865 :
469 1832 547 1877 Ego
566 1845 645 1866 sam
666 1835 824 1867 ostiam?
840 1829 1008 1866 Miranda
1023 1830 1128 1865 ratio.
1146 1831 1290 1867 Ostium

303 1894 379 1930 est,
401 1896 437 1923 et
455 1890 576 1937 pulsat
593 1890 638 1925 ad
660 1890 808 1925 ostium.
831 1893 976 1926 Intrare
996 1890 1076 1925 vult
1097 1902 1165 1938 per
1180 1903 1291 1937 quem

302 1949 468 1992 quisquis
480 1953 660 1984 introierit
671 1948 846 1983 salvabat!
853 1962 884 1990 r,
899 1957 1083 1995 eilias-cna
1098 1953 1255 1982 inveniet
1266 1947 1292 1984 ³.

303 2007 436 2052 Magna
456 2016 511 2043 cst
535 2008 717 2044 ostiorum
740 2008 924 2043 distantia.
949 2011 1012 2043 Est
1035 2007 1133 2043 enin]
1156 2008 1292 2044 ostium

303 2064 494 2111 quoddam
517 2067 553 2102 in
581 2068 810 2116 argumentis
831 2075 994 2111 naturae,
1017 2074 1072 2102 est
1092 2067 1228 2102 ostium
1257 2068 1293 2103 in

303 2125 552 2161 Sacramentis
571 2127 742 2162 Ecclesiae
757 2155 765 2171 ‚
781 2134 835 2161 est
852 2126 988 2160 ostium
1005 2125 1040 2159 in
1058 2127 1296 2173 experimen-

307 2181 351 2216 tis
369 2183 506 2229 gratiae.
528 2187 568 2220 In
593 2185 717 2232 primo
739 2185 802 2219 illo
822 2184 917 2219 ostio
937 2184 1116 2219 naturalis
1140 2185 1295 2221 rationis

305 2239 419 2275 ductu
451 2242 650 2278 innotescit
675 2241 783 2278 nobis
808 2255 876 2290 per
907 2255 1022 2290 opera
1051 2255 1211 2290 operans
1237 2257 1295 2280 sa-

305 2298 443 2346 pientia
459 2327 467 2343 ,
499 2301 599 2336 etad
627 2301 766 2349 aliquid
790 2301 954 2336 veritatis
980 2301 1287 2338 intromittimur:

304 2356 508 2395 divinitatis
526 2360 735 2408 colligimus
753 2359 941 2404 notitiam,
966 2372 1040 2394 non
1064 2368 1186 2395 tamen
1206 2374 1294 2409 per-

302 2418 468 2453 sonalem
491 2419 526 2453 in
547 2418 683 2454 deitate
700 2418 926 2454 distantiam.
948 2421 990 2454 In
1014 2418 1083 2454 lioc
1101 2419 1197 2454 ostio
1219 2432 1294 2455 non

304 2475 547 2524 distinguitur
560 2491 741 2526 persona,
761 2491 828 2513 nec
846 2477 1041 2513 confertur
1057 2479 1184 2526 gratia.
1207 2479 1296 2515 Ideo

1357 1831 1458 1866 tione
1477 1843 1555 1865 non
1576 1830 1758 1878 indigens.
1786 1829 1882 1865 Illud
1905 1829 2005 1864 enim
2026 1830 2162 1865 ostium
2192 1830 2352 1866 maxime

1358 1890 1412 1927 illi
1431 1889 1617 1938 aperitur,
1640 1888 1741 1937 quod
1762 1888 1843 1924 aliis
1863 1886 2040 1923 omnibus
2068 1887 2228 1936 negotiis
2252 1889 2356 1924 clau-

1359 1948 1472 1984 ditur.
1500 1951 1591 1984 Cum
1613 1955 1768 1996 putatur
1789 1947 1927 1991 teneri,
1952 1946 2059 2000 quasi
2082 1947 2226 1982 furatur
2253 1959 2352 1996 pra:—

1360 2008 1514 2044 sentiam
1533 2015 1673 2056 gratam
1694 2022 1700 2042 :
1725 2007 1848 2043 furtim
1867 2006 2066 2051 accedens,
2086 2014 2124 2042 et
2143 2006 2270 2041 furtim
2293 2019 2355 2042 re-

1361 2067 1509 2103 cedens.
1539 2066 1724 2103 Gaudium
1755 2067 1863 2102 enim‘
1885 2065 2213 2115 contemplationis
2241 2065 2356 2102 instar

1361 2134 1416 2162 est
1432 2126 1571 2174 puncti.
1590 2125 1774 2161 Velociter
1790 2125 1945 2169 recedit,
1961 2133 1997 2160 et
2012 2125 2239 2161 excellenter
2257 2132 2356 2161 tran-

1361 2184 1506 2220 scendit
1533 2197 1680 2219 onmem
1711 2184 1880 2219 liumanae
1913 2183 2124 2232 capacitatis
2155 2182 2348 2219 virtutem.

1361 2245 1444 2288 Quo
1473 2243 1553 2291 ipsa
1584 2241 1709 2285 vadit,
1735 2254 1810 2277 non
1842 2254 2040 2290 possumus
2064 2241 2180 2289 aequis
2209 2253 2288 2277 eam
2316 2241 2354 2277 in

1362 2300 1430 2336 hae
1447 2313 1556 2336 carne
1573 2299 1744 2348 passibus
1758 2300 1876 2347 sequi.
1896 2303 2010 2344 Dixi,
2027 2299 2148 2348 inquit
2165 2300 2354 2343 Salomon,

1364 2362 1519 2406 Sapiens
1547 2360 1711 2402 afficiar:
1732 2367 1766 2393 et
1787 2362 1868 2405 ipsa
1890 2361 2032 2405 langius
2053 2363 2206 2394 recessit
2226 2372 2249 2393 a
2276 2372 2354 2402 me,

1363 2421 1473 2454 malta
1496 2422 1616 2465 magis
1636 2431 1746 2465 qaam
1769 2427 1879 2452 antea
1905 2426 1984 2452 erat
2000 2415 2028 2454 ⁵.
2056 2417 2250 2465 Perceptio
2275 2417 2358 2466 ejus

1363 2477 1496 2514 melius
1513 2488 1623 2524 quam
1638 2476 1799 2525 privatio
1813 2476 1920 2511 docet
1931 2483 1963 2520 ³¹,
1980 2488 2092 2524 quam
2109 2475 2155 2511 sit
2171 2483 2359 2512 transcen-

304 2548 380 2570 non
410 2535 521 2572 debet
544 2550 623 2573 csse
652 2536 842 2582 assiduus,
878 2550 952 2573 non
981 2537 1121 2573 nimius
1151 2537 1197 2573 ad
1227 2538 1297 2573 hoc
1316 2541 1345 2573 D
1363 2536 1456 2572 dens
1480 2535 1561 2584 ejus
1589 2535 1774 2583 majestas.
1809 2538 1862 2570 Eo
1889 2535 1971 2583 ipso
1995 2548 2071 2582 quo
2095 2534 2358 2572 vehementior

304 2595 438 2631 ostium
459 2597 636 2644 pulsator.
657 2600 725 2633 Per
742 2597 948 2633 secundum
963 2625 971 2641 ‚
992 2597 1029 2632 in
1049 2610 1094 2632 co
1117 2597 1219 2645 quod
1239 2610 1297 2633 sa·

305 2653 488 2690 lutaribus
517 2655 707 2691 initiamur
742 2656 1012 2699 Sacramentis‚
1047 2654 1093 2691 ad
1126 2656 1297 2691 licclesiae

309 2712 487 2747 unitatem
515 2713 716 2758 intramus,
741 2713 787 2749 ad
809 2713 1115 2748 communionem
1144 2721 1298 2748 sancto-

307 2784 403 2806 riun.
426 2774 466 2807 In
497 2771 567 2807 hoc
599 2772 765 2807 secundo
795 2773 914 2816 ostio,
943 2772 993 2807 sic
1020 2771 1171 2820 quidam
1200 2771 1298 2807 intus

308 2839 416 2873 sunt,
440 2839 478 2865 ut
502 2839 623 2866 tamen
645 2832 747 2879 quasi
771 2832 859 2867 soris
883 2832 978 2875 sint,
1003 2830 1123 2866 donce
1144 2830 1189 2865 ad
1219 2838 1295 2866 ter—

308 2889 396 2925 tium
421 2890 600 2926 accedant
622 2906 628 2926 :
649 2890 749 2939 quod
771 2892 985 2927 familiarem
1005 2890 1299 2938 interpretamur

305 2962 492 2984 accessum
524 2964 592 2998 per
623 2950 811 2986 charitatis
847 2951 1048 2994 affectum,
1082 2949 1117 2985 in
1151 2949 1297 2998 copiam

305 3007 504 3055 quamdam
534 3017 570 3043 et
596 3010 952 3058 contemplationem
981 3008 1117 3044 dilecti.
1150 3009 1296 3044 Ostium

306 3065 377 3101 hoc
397 3074 468 3101 tam
491 3075 692 3113 secretum,
722 3077 793 3103 tam
815 3068 989 3104 intimum
1017 3080 1093 3103 non
1121 3067 1298 3103 omnibus

356 3204 361 3217 ¹
390 3200 468 3229 tuat.
491 3210 615 3234 «xxcvii,
640 3202 691 3229 13.

308 3250 322 3265 ''
349 3251 455 3292 l‘pluw.
479 3264 508 3281 xi
526 3276 532 3288 ,
558 3255 607 3282 17.

1362 2604 1438 2640 est,
1460 2594 1625 2630 velocius
1643 2594 1774 2630 transit
1792 2608 1799 2629 :
1819 2597 1905 2640 Ipse
1917 2623 1925 2637 ‚
1945 2593 2088 2642 inquit,
2106 2595 2357 2629 declinaverat

1362 2664 1471 2702 atque
1491 2657 1701 2688 transierat.
1724 2652 1883 2697 Ideone,
1906 2655 1993 2688 Jesu
2015 2650 2134 2695 bone,
2165 2650 2358 2689 declinasti

1365 2712 1409 2748 ad
1429 2724 1624 2760 sponsam,
1643 2719 1684 2746 ut
1704 2719 1775 2746 tam
1795 2710 1867 2745 cito
1885 2710 2090 2745 declinares
2104 2708 2152 2744 ab
2169 2711 2238 2745 ea?
2257 2713 2356 2757 Ipse,

1363 2771 1506 2820 inquit,
1528 2773 1777 2805 declinaverat
1797 2778 1906 2817 atque
1924 2773 2129 2804 transierat.
2156 2768 2254 2815 Quid
2280 2777 2356 2814 est,

1363 2832 1590 2866 transierat?
1604 2829 1814 2865 Transierat
1827 2841 1901 2873 me,
1918 2827 2112 2864 transierat
2125 2827 2224 2863 vires
2242 2840 2356 2872 meas,

1365 2888 1578 2939 pertransiit
1608 2900 1678 2923 me.
1711 2887 1801 2924 Ideo
1828 2887 1932 2936 quasi
1960 2886 2055 2922 serre
2085 2894 2121 2921 et
2148 2885 2359 2922 subsistere

1366 2961 1441 2984 non
1470 2947 1654 2982 valentem
1681 2947 1826 2982 transiit
1850 2958 1919 2981 me.
1942 2944 2097 2982 Gladius
2123 2952 2177 2979 est
2201 2943 2357 2981 verbum

1366 3006 1476 3052 Dei‘5,
1505 3006 1650 3055 gladius
1675 3019 1730 3042 est·
1749 3009 1878 3050 Jesus,
1910 3000 2070 3041 animam
2091 3004 2171 3040 sine
2192 3017 2294 3040 mora
2323 3013 2360 3041 et

1365 3067 1581 3103 difficultate
1598 3065 1799 3114 pertransit
1816 3079 1823 3100 :
1843 3076 1918 3100 non
1933 3062 2137 3100 subsistens
2149 3091 2158 3109 ,
2175 3062 2262 3099 dum
2279 3062 2360 3112 ejus

740 3220 743 3221 ν
774 3206 783 3219 ²
802 3200 879 3230 l‘sal.
906 3212 986 3237 cvii,
1009 3204 1038 3230 ’2.
1058 3217 1098 3222 —
1122 3198 1135 3221 3
1154 3202 1247 3230 Joan.
1268 3210 1308 3235 x,
1330 3202 1361 3228 9.
1379 3216 1420 3220 -——
1448 3198 1460 3223 ⁴5
1488 3197 1598 3228 litet-h.
1618 3208 1658 3227 xi.
1675 3203 1701 3227 ct
1728 3208 1794 3227 xm,
1817 3215 1858 3220 —
1887 3194 1899 3217 5
1926 3196 2025 3227 Ecclc.
2054 3207 2114 3233 vn,
2146 3199 2182 3226 22
2201 3219 2208 3232 ,
2239 3199 2292 3226 25).
2317 3215 2359 3220 -

1164 3258 1175 3271 ³⁴
1193 3251 1271 3281 Vide
1288 3262 1325 3281 an
1345 3250 1504 3290 legendum
1522 3274 1527 3283 ,
1551 3250 1682 3279 Prii-atio
1699 3249 1779 3290 rjai,
1799 3247 1907 3279 melias
1926 3260 2018 3291 qaam
2034 3248 2191 3291 perceptio
2205 3245 2309 3279 docet.
