2418 3949
217 244 307 280 1401
849 244 1012 279 SERMO
1040 244 1105 278 DE
1134 241 1298 277 DECEM
1328 243 1619 280 VIRGINIBUS.
2159 249 2255 284 1402

211 321 392 365 facimus,
417 320 506 369 quia
524 320 693 369 quinque
714 327 801 356 sunt
825 320 955 365 fatuae,
975 327 1012 356 et
1033 315 1238 368 quinque⁷¹

1249 317 1256 334 ¹
1272 318 1478 356 custodiam
1497 320 1648 357 luminis
1661 349 1670 365 ‚
1690 320 1881 370 lampades
1902 323 2112 372 implerent.
2128 326 2260 363 Oleum

212 380 443 430 prudentes?
459 383 554 416 Puto
574 387 698 415 autem
718 379 821 428 quod
837 387 874 415 et
890 379 1036 428 plures,
1053 386 1090 414 et
1106 390 1203 427 pru-
1221 378 1248 409 Α
1268 377 1307 414 in
1325 378 1515 428 lampade,
1535 388 1591 415 est
1607 392 1702 429 opus
1722 378 1865 415 bonum
1883 381 1919 416 in
1939 383 2237 421 manifestatione
2253 401 2260 421 :

211 439 379 489 dentium
405 451 606 476 numerum
632 438 743 487 longe
770 446 922 487 superet
949 436 1204 486 multiplicitas

213 498 401 534 fatuarum
420 506 619 534 :caeterum
639 510 771 533 omnes
789 501 950 545 acceptis
969 494 1205 545 lampadibus

212 560 379 593 exierunt
391 556 530 592 obvi'am
545 569 680 604 sponso
694 565 730 591 et
741 569 903 604 sponsoe.
919 558 1111 591 Exierunt.
1128 557 1207 592 Un-

211 617 258 653 de
291 616 489 653 exierunt?
511 616 624 652 Plane
655 615 701 651 de
731 614 940 651 substantia
972 623 1008 650 et
1038 612 1207 650 saeculari

211 676 500 713 conversatione
512 704 522 721 ,
540 675 650 723 juxta
667 674 761 710 illud
783 687 791 708 :
809 675 1005 716 Recedite,
1023 677 1124 708 exite
1142 676 1204 707 in-

211 738 279 780 de,
301 744 338 770 et
353 736 579 770 immundum
600 747 646 769 ne
664 738 855 782 tetigeritis
871 740 894 769 ¹.
911 732 1026 770 Audit
1038 740 1075 768 et
1088 731 1202 768 Abra·

212 795 298 832 ham
316 809 325 831 :
343 797 420 831 Exi
437 795 484 830 de
502 803 599 829 terra
619 802 683 828 tua
695 821 705 835 ‚
722 802 758 829 et
771 795 818 828 (le
833 794 1051 841 cognatione
1071 801 1154 835 tua,
1173 799 1209 825 et

212 856 258 889 de
287 856 396 888 domo
417 857 538 901 patris
560 855 616 887 tui
624 858 651 888 ².
671 851 769 888 Loth
793 864 946 900 quoque
967 850 1013 886 de
1035 849 1208 888 Sodomis

211 913 315 949 exire
332 911 564 962 praecipitur,
585 919 623 947 et
640 911 887 960 retrospicere
904 908 1142 959 prohibetur,
1161 921 1208 944 ne

211 973 353 1023 pariter
367 984 452 1008 cum
469 969 674 1008 Sodomitis
688 968 908 1006 ardentibus
923 969 1139 1004 involvatur
1154 967 1207 1003 in-

212 1031 366 1068 cendiis.
391 1029 463 1067 Sed
488 1029 579 1079 quid
599 1028 695 1065 dixit
711 1028 757 1064 ad
779 1028 978 1077 angelum?
997 1028 1066 1063 Est
1085 1031 1208 1062 civitas

213 1091 274 1126 liic
283 1092 397 1137 juoeta
411 1118 422 1135 ,
443 1091 497 1125 ad
518 1101 630 1137 quam
653 1101 804 1136 possum
824 1085 1023 1135 confligere
1035 1114 1044 1128 ,
1061 1099 1180 1134 parva
1192 1114 1203 1131 ,
1226 1083 1253 1118 B

213 1160 247 1186 ec
267 1149 437 1186 salvabor
449 1153 487 1185 in
507 1162 552 1184 ea
565 1146 591 1182 ³.
613 1146 806 1196 Numquid
825 1159 901 1183 non
923 1145 1112 1182 modicum
1134 1153 1204 1191 est,

213 1219 252 1247 et
272 1210 374 1246 vivet
400 1209 525 1246 anima
545 1208 655 1244 mea?
678 1207 816 1244 Civitas
837 1219 954 1256 parva
973 1214 1009 1242 et
1027 1205 1149 1254 juxta,
1168 1205 1207 1241 id

212 1278 271 1306 est
294 1282 371 1306 non
396 1269 508 1318 longe
528 1281 549 1304 a
574 1267 737 1311 saeculo,
757 1266 797 1302 in
817 1278 892 1316 qua
921 1265 1019 1302 Loth
1052 1264 1208 1301 ardente

213 1329 378 1366 Sodoma
404 1328 596 1372 salvatur,
619 1325 889 1362 monasterium
919 1333 986 1361 est.
1016 1323 1209 1373 Numquid

214 1403 291 1427 non
315 1388 462 1425 modica
481 1395 538 1424 est
560 1394 733 1436 respectu
752 1385 852 1421 illius
865 1412 875 1429 ,
897 1397 981 1431 quae
1002 1383 1133 1420 mundi
1153 1384 1208 1419 la-

215 1448 417 1486 titudinem
437 1459 626 1496 occupans
639 1473 648 1490 ,
665 1445 851 1495 populosa
869 1444 978 1480 valde
996 1451 1033 1479 et
1050 1443 1209 1479 malitio-

214 1522 273 1554 sa,
289 1506 507 1557 cupiditatis
521 1514 558 1542 et
571 1504 738 1541 libidinis
754 1504 884 1553 flagrat
901 1501 1105 1538 incendio?
1122 1501 1210 1538 Exi-

215 1581 299 1604 mus
327 1566 436 1611 inde,
464 1573 501 1601 et
529 1564 577 1601 ad
606 1577 761 1614 parvam
790 1563 979 1600 civitatem
1001 1575 1085 1611 quae
1099 1561 1208 1610 juxta

213 1636 270 1664 est
289 1625 527 1675 confugimus
539 1653 548 1670 ‚
566 1624 760 1660 ardentem
780 1635 865 1659 eum
885 1621 1034 1658 civibus
1048 1621 1123 1657 suis
1140 1624 1209 1658 So—

213 1685 365 1722 domam
399 1684 668 1733 relinquentes.
701 1680 899 1725 salvabor,
921 1680 1064 1730 inquit,
1088 1685 1126 1715 in
1150 1693 1208 1715 ea.

213 1746 327 1784 Plane
347 1743 578 1781 salvabimur
601 1743 639 1779 in
669 1741 863 1778 civitatula
883 1740 973 1785 ista,
995 1739 1023 1776 si
1046 1751 1121 1775 non
1145 1751 1209 1775 re—

214 1804 450 1854 spexerimus
472 1811 597 1848 retro,
618 1801 649 1838 si
667 1800 891 1837 flammantis
911 1799 1102 1845 Sodomae,
1127 1811 1210 1848 quae

1269 437 1334 473 sed
1365 437 1454 474 dum
1483 438 1634 474 videtur
1665 451 1685 474 a
1719 439 1901 487 proximis
1934 440 2081 478 claritas
2116 445 2260 489 operis,

1270 495 1360 531 dum
1379 496 1564 533 mirantur
1585 505 1622 533 et
1642 497 1814 543 laudant,
1830 499 2023 536 extollitur
2039 489 2264 552 plertimque

1270 563 1308 590 et
1327 555 1487 604 assurgit
1505 555 1624 592 elatus
1645 556 1793 592 animus
1814 559 2024 606 operantis;
2045 568 2080 596 et
2107 561 2195 598 dum
2225 563 2262 599 in

1271 627 1310 651 se
1329 623 1367 650 et
1385 628 1460 651 non
1481 615 1520 651 in
1538 617 1704 651 Domino
1722 616 1915 665 gloriatur,
1933 617 2059 655 lumen
2080 619 2265 671 lampadis

1270 674 1500 720 annullatur,
1517 682 1554 710 et
1573 687 1704 711 carens
1724 675 1892 712 fomento
1913 690 2082 727 congruo
2101 681 2264 731 lampas,

1270 746 1355 782 quae
1377 746 1503 770 coram
1524 733 1743 771 hominibus
1766 735 1864 772 clare
1885 737 2007 782 lucet,
2030 752 2156 777 coram
2181 745 2263 778 Do-

1271 793 1375 829 mino
1396 792 1626 830 tenebratur.
1648 793 1854 831 Prudentes
1873 809 1964 832 vero
1980 798 2144 847 virgines
2160 814 2263 850 prae—

1275 860 1331 887 ter
1357 851 1482 887 oleum
1508 851 1612 901 quod
1635 852 1670 888 in
1699 852 1934 902 lampadibus
1958 855 2118 904 habent,
2139 860 2263 896 oleum

1273 911 1374 947 aliud
1399 912 1436 947 in
1456 912 1555 948 vasis
1574 920 1766 961 reponunt
1786 927 1794 948 :
1816 913 1903 961 quia
1928 914 2105 953 nimirum
2129 928 2266 956 sanctae

1272 968 1406 1006 animae
1424 970 1512 1007 dum
1533 971 1662 1020 sponsi
1681 971 1739 1007 sui
1755 973 2024 1020 praestolantur
2041 975 2265 1024 adventum,

1273 1028 1363 1065 dum
1385 1037 1464 1065 toto
1485 1029 1671 1065 desiderio
1691 1029 1724 1066 ei
1744 1030 1906 1066 clamant
1931 1033 2118 1080 quotidie,
2145 1039 2267 1072 Adve-

1271 1093 1355 1124 νεῖαι
1375 1102 1526 1137 regnum
1547 1097 1645 1123 ticum
1659 1088 1685 1132 ⁵,
1701 1096 1841 1137 praeter
1864 1090 1926 1125 illa
1942 1103 2056 1139 opera
2074 1106 2157 1142 quae
2179 1108 2266 1144 pro-

1271 1148 1382 1184 ximis
1404 1148 1530 1184 lucent
1549 1148 1594 1183 ad
1614 1148 1682 1183 Dei
1701 1148 1857 1197 gloriam
1876 1158 1912 1184 et
1932 1150 2123 1197 videntur,
2144 1155 2268 1204 aliqua

1271 1208 1310 1243 in
1329 1207 1479 1243 occulto
1491 1235 1500 1251 ,
1520 1205 1585 1243 ubi
1600 1206 1702 1243 solus
1717 1210 1828 1243 Pater
1840 1207 1962 1253 videt,
1977 1222 2092 1259 opera
2110 1212 2268 1258 faciunt;

1272 1276 1314 1303 ut
1340 1268 1368 1303 si
1399 1267 1495 1303 sorte
1520 1266 1606 1312 illa,
1627 1279 1711 1315 quae
1743 1267 1946 1316 conspicua
1975 1277 2011 1305 et
2036 1270 2134 1307 clara
2161 1282 2268 1317 sunt,

1276 1326 1384 1362 flatus
1406 1325 1579 1361 humanae
1598 1324 1719 1361 laudis
1739 1326 1959 1362 exstinxerit
1973 1355 1982 1372 ,
2001 1329 2127 1367 oleum
2146 1334 2270 1369 occul-

1275 1395 1320 1422 tae
1342 1386 1579 1422 conscientiae
1601 1385 1838 1434 suffragetur.
1861 1390 1949 1423 Haec
1969 1396 2023 1424 est
2044 1390 2163 1439 gloria
2186 1393 2268 1430 liliae

1274 1445 1370 1494 regis
1389 1445 1436 1481 ab
1456 1445 1580 1489 intus,
1602 1443 1690 1480 dum
1712 1445 1797 1494 plus
1817 1444 1863 1481 (le
1886 1445 1972 1482 oleo
1992 1449 2095 1496 quod
2117 1450 2153 1486 in
2173 1453 2271 1488 vasis

1273 1505 1512 1541 conscientiae
1541 1504 1756 1550 dilucescit,
1786 1518 1898 1554 quam
1931 1506 1977 1542 de
2011 1522 2056 1544 eo
2083 1511 2185 1558 quod
2214 1513 2272 1548 lu-

1274 1573 1332 1601 cet
1352 1564 1398 1600 de
1427 1563 1536 1607 foris,
1565 1563 1769 1613 gloriatum
1793 1565 1948 1613 periisse
1974 1567 2132 1604 aestimat
2158 1583 2271 1607 omne

1274 1623 1377 1674 quod
1398 1623 1579 1667 cernitur,
1605 1635 1672 1659 nec
1693 1622 1732 1658 id
1755 1622 1909 1672 dignum
1925 1623 2072 1673 judicat
2093 1641 2271 1666 remune-

1275 1685 1442 1728 ratione,
1464 1682 1566 1732 quod
1588 1683 1734 1719 favores
1755 1682 1952 1719 hominum
1974 1697 2270 1736 prosequuntur.

1276 1748 1454 1782 Latenter
1485 1742 1598 1791 igitur
1628 1754 1711 1790 quae
1741 1742 1940 1792 praevalet,
1962 1754 2156 1793 operatur,
2181 1750 2274 1797 petit

1278 1811 1482 1847 secretum,
1500 1800 1736 1838 orationibus
1757 1802 1880 1851 pulsat
1896 1803 2052 1850 coelum,
2070 1805 2193 1842 fundit
2217 1808 2271 1844 la—

208 1864 319 1914 juxta
331 1863 430 1913 juste
447 1862 573 1906 ardet,
590 1875 667 1898 non
684 1873 752 1897 nos
767 1859 1111 1910 apprehenderint,
1129 1871 1206 1895 non
1225 1864 1252 1900 C
1274 1874 1420 1911 crymas
1441 1869 1552 1897 testes
1581 1861 1740 1905 amoris,
1760 1869 1796 1897 et
1819 1874 1904 1898 cum
1933 1861 2070 1900 dilecto
2090 1865 2156 1901 illo
2177 1879 2245 1903 suo
2260 1897 2269 1912 ,

214 1937 283 1961 nos
303 1923 541 1960 incenderint
557 1921 689 1958 favillae
710 1920 872 1957 caducae.
891 1924 946 1957 De
962 1919 1029 1956 hac
1046 1918 1209 1956 Sodoma

213 1983 389 2021 exierunt
419 1982 585 2032 virgines
614 1980 765 2017 obviam
793 1992 934 2029 sponso
964 1987 1002 2016 et
1029 1991 1177 2028 sponsae
1200 1993 1207 2014 :

213 2044 325 2093 longe
353 2043 453 2080 enim
481 2050 537 2078 est
568 2055 589 2078 a
617 2039 827 2089 virginibus
852 2039 1002 2075 flamma
1022 2037 1210 2075 Sodomo-

216 2116 313 2140 rum.

265 2163 301 2199 3.
322 2162 506 2199 Exierunt
526 2167 650 2196 autem
673 2172 758 2196 cum
780 2156 1039 2208 lampadibus,
1060 2157 1209 2194 lumbos

212 2221 394 2259 habentes
429 2220 674 2270 praecinctos,
708 2227 746 2256 et
775 2219 946 2255 lucernas
973 2218 1012 2253 in
1037 2217 1210 2254 manibus

210 2280 406 2325 ardentes;
428 2287 469 2316 ut
494 2287 532 2315 et
559 2277 737 2315 castitatis
765 2277 957 2326 cingulum
983 2276 1211 2325 astringatur

212 2341 249 2376 in
271 2351 451 2389 corpore,
467 2346 504 2375 et
522 2337 569 2374 ad
588 2338 787 2374 utilitatem
808 2336 975 2386 proximi
995 2344 1031 2372 et
1050 2336 1207 2385 gloriam

212 2401 350 2446 Patris,
377 2399 443 2436 lux
470 2398 633 2447 exempli
660 2397 798 2433 clareat
828 2397 866 2432 in
895 2395 1128 2445 operatione.
1150 2395 1208 2432 Sic

211 2458 368 2498 Gedeon
395 2457 433 2494 in
454 2456 664 2506 lagunculis
690 2454 881 2504 lampades
900 2454 1116 2499 occultans,
1144 2453 1208 2490 sed

211 2519 250 2555 in
269 2518 363 2555 hora
379 2515 592 2554 certaminis
610 2514 734 2552 fractis
747 2514 909 2551 vasculis
927 2513 1205 2558 demonstrans,

213 2577 412 2627 repentina
442 2576 523 2612 luce
548 2574 677 2610 hostes
710 2574 866 2618 terruit,
889 2581 925 2609 et
955 2573 1068 2609 vertit
1091 2573 1128 2608 in
1151 2573 1208 2608 fu—

1275 1921 1436 1971 suspirio
1464 1919 1682 1969 gemituque
1712 1919 1911 1956 fabulatur.
1936 1924 2024 1958 Haec
2052 1932 2107 1960 est
2131 1925 2272 1974 gloria,

1276 1980 1341 2017 sed
1367 1978 1414 2016 ab
1441 1979 1563 2025 intus,
1590 1979 1655 2015 sed
1685 1979 1823 2025 invisa,
1845 1980 1928 2016 liliae
1955 1982 2050 2031 regis
2069 1991 2105 2019 et
2125 1985 2268 2023 amica».

1277 2042 1358 2075 Hoc
1373 2039 1498 2074 oleum
1518 2038 1626 2074 fatuae
1644 2038 1810 2087 virgines
1828 2052 1903 2075 non
1923 2038 2082 2087 habent3
2097 2044 2183 2092 quia
2201 2046 2270 2082 nisi

1275 2098 1321 2135 ad
1351 2098 1512 2134 nitorem
1536 2109 1643 2133 vanae
1664 2097 1792 2146 gloriae
1818 2107 1854 2134 et
1880 2099 2046 2136 savorem
2074 2101 2268 2141 hominum

1274 2157 1375 2195 bona
1395 2170 1470 2193 non
1498 2166 1718 2206 operantur.
1750 2161 1831 2194 Hoc
1851 2158 1975 2195 oleum
1989 2188 1998 2205 ,
2020 2160 2057 2196 in
2077 2175 2153 2210 quo
2175 2176 2271 2213 pru-

1275 2217 1407 2254 dentes
1426 2215 1646 2262 confidunt,
1668 2218 1705 2253 in
1724 2216 1860 2254 abditis
1877 2220 2191 2258 conscientiarum
2210 2236 2270 2260 va—

1275 2277 1387 2313 sculis
1409 2285 1614 2325 reponunt.

1328 2335 1363 2372 4.
1390 2337 1537 2370 Illorum
1565 2344 1686 2370 autem
1710 2334 1878 2382 faciente
1902 2350 2060 2384 sponsa,
2088 2342 2270 2377 dormita-

1275 2403 1399 2430 verimi
1419 2407 1544 2429 omnes
1565 2403 1598 2428 et
1618 2396 1856 2431 dormierunt.
1879 2397 2082 2434 Dormiunt
2106 2400 2270 2449 virgines

1274 2453 1385 2491 bonae
1406 2454 1443 2490 in
1473 2454 1660 2498 Domino,
1685 2463 1722 2490 et
1751 2455 1787 2490 in
1814 2456 1951 2493 Christi
1978 2467 2132 2506 pectore
2161 2461 2270 2497 dulce

1275 2515 1554 2551 reclinatorium
1590 2512 1793 2559 habentes,
1827 2528 1935 2552 mane
1968 2517 2058 2553 illud
2095 2520 2268 2557 ultimum

1274 2575 1554 2624 praestolantur.
1580 2575 1716 2617 Mane,
1740 2574 1879 2623 inquit,
1903 2576 2030 2612 astabo
2050 2578 2136 2622 eibi,
2158 2589 2193 2614 et
2213 2583 2271 2615 vi-

212 2650 296 2686 gam
305 2636 331 2672 ⁴.
344 2639 550 2672 Terrentur
568 2634 668 2670 enim
683 2634 874 2683 principes
895 2631 1135 2668 tenebrarum
1154 2633 1206 2668 vi·
1225 2639 1258 2672 D
1274 2633 1365 2668 dabo
1379 2632 1406 2670 ⁶.
1426 2636 1457 2671 Ο
1473 2646 1584 2682 quam
1600 2631 1770 2681 jucundo
1788 2634 1937 2670 interim
1959 2648 2096 2684 sopore
2113 2639 2270 2686 sopiun-

212 2710 251 2733 sa
267 2697 347 2733 luce
365 2694 553 2731 bonorum
571 2705 730 2743 operum
742 2721 751 2738 ,
765 2692 853 2741 quia
870 2700 967 2728 stare
984 2699 1070 2727 ante
1088 2691 1208 2726 lucem

214 2756 379 2793 tenebrae
401 2767 476 2791 non
500 2762 670 2804 possunt.
698 2755 904 2789 Priidentes
924 2745 1022 2787 enim
1048 2755 1209 2799 virgines

211 2823 434 2864 acceperunt
452 2816 571 2849 oleum
592 2818 629 2848 in
650 2817 750 2849 vasis
769 2816 845 2847 suis
862 2824 941 2846 cum
963 2810 1205 2858 lampadibus.

212 2875 307 2913 vide
339 2873 579 2924 prudentiam
609 2872 797 2922 virginum
832 2871 1001 2907 istarum.
1033 2869 1208 2906 Sciebant

213 2943 362 2972 noctem
379 2934 458 2970 sore
474 2932 697 2983 productam
718 2946 725 2968 :
747 2940 784 2968 et
801 2932 1008 2968 nescientes
1027 2943 1100 2979 qua
1118 2929 1208 2966 hora

212 2993 334 3031 noctis
348 3005 510 3042 sponsus
527 2992 693 3037 veniret,
714 3004 790 3028 non
811 2999 997 3027 contentae
1013 2990 1098 3025 oleo
1117 2990 1209 3026 lam·

212 3053 372 3103 padum,
388 3053 499 3088 etiam
521 3052 557 3087 in
576 3051 672 3088 vasis
691 3051 815 3087 oleum
835 3057 1008 3094 sumimt3
1028 3057 1068 3085 ut
1083 3049 1111 3084 si
1131 3050 1209 3085 for-

214 3123 249 3150 te
272 3112 363 3150 illud
383 3111 485 3161 quod
514 3120 593 3148 erut
614 3111 650 3147 in
679 3109 914 3160 lampadibus
938 3108 1211 3145 annihilaretur

213 3182 250 3209 et
265 3172 465 3217 deficeret,
481 3172 528 3208 de
542 3184 587 3207 eo
604 3170 708 3220 quod
729 3171 765 3206 in
789 3170 883 3206 vasis
901 3176 1147 3218 reposuerant
1164 3168 1210 3203 ad

264 3305 270 3319 ¹
296 3299 455 3336 Isai.1.11‚
477 3301 527 3328 11.
545 3315 587 3319 -
608 3301 620 3317 ²
636 3299 716 3327 Gen.
740 3307 808 3331 xtr,
830 3299 856 3325 1.
875 3312 917 3317 —-
938 3292 950 3314 ³
975 3293 1021 3325 Id.
1037 3304 1114 3326 xix.
1142 3295 1195 3322 90.
1216 3311 1252 3314 —
1287 3291 1416 3322 nuntie.
1442 3304 1496 3323 ιιι.
1525 3311 1562 3314 re<

216 3359 227 3381 7
246 3351 314 3382 lsai.
335 3362 376 3380 m.
391 3370 430 3372 -w
456 3352 469 3371 θ’
484 3350 683 3381 Constantius
696 3348 868 3391 presbyter,
886 3348 916 3378 iu
930 3347 1002 3378 vua
1018 3349 1048 3377 S.
1071 3349 1218 3376 (ὶυιίιιιιιιι
1231 3370 1237 3379 ,
1257 3345 1310 3376 hl).
1330 3350 1345 3375 ζ).
1361 3369 1366 3381 ,
1387 3356 1455 3387 cap.
1478 3348 1509 3379 7,

1276 2700 1349 2737 tur,
1367 2704 1526 2740 quarum
1556 2704 1644 2727 caro
1673 2691 1709 2726 in
1731 2704 1796 2741 spe
1826 2694 2043 2742 requiescit,
2066 2704 2101 2731 et
2134 2697 2169 2732 iu
2202 2711 2268 2746 spe

1274 2751 1428 2800 spiritus
1447 2750 1674 2787 hilarescitTl
1694 2750 1802 2787 Libet
1820 2752 1916 2788 iuter
1938 2753 2015 2789 haec
2033 2756 2264 2799 meminisse,

1273 2810 1374 2859 quod
1387 2819 1538 2847 sauctus
1551 2813 1761 2847 Germanus
1776 2812 1941 2860 pontifex
1958 2815 2266 2851 .›xutissio‹lni·eu·

1275 2871 1322 2906 sis
1341 2873 1498 2906 Romam
1519 2877 1648 2918 petens
1661 2898 1670 2913 ,
1688 2882 1772 2905 cum
1789 2870 1950 2907 ,L‘duam
1969 2872 2177 2910 ‹levi-nisset
2191 2904 2199 2916 ,
2221 2877 2266 2912 ad

1276 2930 1458 2965 tumulum
1477 2929 1594 2965 sancti
1609 2929 1772 2965 Cassiani
1793 2929 1943 2966 dix-ertit
1959 2946 1965 2967 ε
1980 2945 2090 2980 (μη-ιιι
2111 2936 2267 2983 proprio

1275 3002 1413 3025 vocans
1435 2989 1607 3033 nomine,
1629 3007 1642 3019 u
1665 2988 1787 3036 Quid,
1807 3008 1819 3020 ι,
1841 2990 1980 3039 inquit,
2001 3010 2013 3022 «ι
2037 2994 2131 3042 agis,
2157 2994 2269 3031 frater

1276 3066 1288 3081 υ
1309 3048 1549 3084 charissime?
1573 3066 1585 3079 υ
1609 3051 1652 3084 Et
1670 3048 1730 3084 ille
1751 3049 1796 3084 de
1815 3051 1961 3086 tumulo
1986 3065 1992 3086 ε
2017 3070 2030 3082 «ι
2053 3054 2229 3094 Ι)ιιΙι“ἰιι·ι-,
2254 3038 2284 3084 x·—

1277 3108 1420 3156 inquit,
1445 3126 1457 3138 ιι
1481 3108 1517 3143 iu
1541 3121 1631 3157 pace
1659 3109 1871 3156 requiesco,
1888 3119 1922 3145 ct
1940 3110 2143 3147 adventum
2169 3114 2267 3148 tud-

1280 3188 1291 3199 ‚s
1314 3168 1495 3216 emptoris
1522 3168 1737 3216 exspecto&
1762 3187 1774 3198 ¹·
1805 3173 1896 3205 Ecce
1918 3171 2159 3219 prudentium
2188 3175 2264 3209 vii·-

1590 3291 1602 3313 ῗ·
1624 3293 1736 3323 Manli.
1755 3305 1806 3325 xi.
1838 3298 1888 3325 tt).

1527 3345 1609 3387 apud
1627 3350 1694 3377 Sur.
1713 3351 1749 3377 31
1768 3347 1844 3385 julii.

1976 3294 1989 3314 ⁶
2014 3296 2089 3326 [⁸⁵³¹.
2112 3309 2141 3327 ἱ,
2167 3312 2191 3326 ,1,
2227 3315 2263 3318 ---
