2504 3928
367 205 462 242 1327

937 204 982 237 lx
1015 201 1346 237 ASSUMPTIONF.
1376 203 1414 235 B.
1446 201 1633 241 Mamm,
1666 200 1838 235 SERMO.

2312 200 2407 236 13‘18

365 281 510 318 nalibus
525 280 645 316 caruis
659 291 770 328 opera
789 279 938 313 t'ucrunt
955 277 1086 320 victus,
1103 277 1150 312 ita
1167 276 1223 312 his
1237 277 1353 313 multo
1365 276 1412 294 ⁰¹¹⁸
1425 277 1519 312 lide?
1533 275 1621 312 Fide
1639 288 1705 324 per
1720 275 1958 311 dilectionem
1976 283 2165 324 operante.
2181 274 2302 312 Habet
2314 279 2408 313 Mar—

362 337 500 377 'melior
531 338 636 374 cibus
665 338 711 373 sit
740 336 879 372 fructus
905 335 1068 384 spiritus.
1098 334 1210 372 Cibus
1243 335 1352 371 ctiam
1373 338 1399 369 A
1421 336 1499 379 tha,
1515 335 1603 371 dum
1623 334 1714 382 agit,
1738 334 1894 370 sormam
1922 333 2020 370 bene
2045 334 2236 384 operantis
2263 350 2273 371 ε
2296 335 2409 371 Maria

366 412 495 434 corum
513 406 568 433 est
590 405 627 432 ιιι
649 395 782 437 saciant
800 395 1030 431 voluntatem
1053 395 1170 430 Patris
1184 395 1356 443 omnipo-

368 457 488 493 tentis.
518 455 631 493 Cibus
660 468 791 491 eorum
820 462 874 490 est
894 452 1051 489 verbum
1081 453 1168 498 Dei,
1188 466 1264 502 quo
1290 466 1356 502 pa-

366 524 522 551 scuntur
537 525 667 549 ornnes
683 512 819 556 sancti,
843 521 915 548 tam
935 511 1123 557 homines,
1145 524 1255 560 quani
1280 516 1356 547 An-

365 575 448 622 goti.
471 572 580 610 L'nde
597 573 776 621 scriptun)
797 579 851 608 est
869 586 876 607 :
898 573 980 606 Nou
1002 575 1040 604 in
1056 572 1132 604 solo
1147 583 1249 618 pane
1270 574 1358 605 vlt‘il

365 636 490 678 Immo,
510 634 578 667 scd
601 638 639 666 in
662 636 761 665 omui
788 629 897 666 mrrlm
923 631 1024 676 quod
1041 630 1210 676 procedit
1231 631 1277 664 de
1295 642 1358 663 ore

366 697 438 729 Dei
453 698 475 728 ¹.
490 691 763 728 Munimentum
778 702 909 726 eorum
925 697 1002 732 est,
1020 689 1112 724 sicut
1127 687 1266 724 dictum
1285 696 1353 730 est,

367 764 498 787 murus
525 749 788 794 continentiae,
821 757 857 784 et
887 747 1116 783 antemurale
1155 746 1355 795 patientiae.

369 810 514 847 llabcnt
532 817 657 845 contra
675 809 799 844 hostes
817 819 939 851 arma,
956 819 1039 855 quae
1058 804 1234 841 describit
1254 810 1356 853 Apo-

364 870 501 913 stolus,
519 872 671 903 lori'cam
692 869 871 913 juniaco,
904 875 1041 901 scutum
1061 865 1181 911 fidei,
1206 867 1355 913 galeam

364 932 514 972 salutis,
543 937 576 963 ιτ
605 929 774 977 gladium
805 930 970 974 spiritus,
1002 927 1102 973 quod
1127 933 1180 959 est
1209 922 1357 959 verbum

365 992 474 1024 ΒΑΚ
495 990 569 1023 'Nec
588 998 815 1035 quemquam
839 991 1008 1027 moveat,
1027 981 1129 1032 quod
1151 981 1249 1018 idem
1271 994 1360 1016 ver-

1421 407 1512 430 vcro
1540 393 1699 443 speciem
1731 393 1907 442 exprimit
1937 393 2284 442 contemplationis,
2319 393 2408 429 dum

1422 454 1542 498 sedet,
1559 453 1648 489 dum
1670 461 1783 497 tacet,
1800 452 1888 488 dum
1906 453 2141 501 interpellata
2159 464 2234 488 non
2253 464 2410 500 respon-

1422 514 1505 557 ‹l‹·t;
1524 512 1586 548 sed
1607 520 1748 548 tautum
1768 512 1804 547 in
1826 511 1894 548 Dei
1911 510 2066 547 verbum
2086 519 2165 547 toto
2183 510 2316 547 mentis
2336 517 2411 546 stu-

1423 571 1485 606 dio
1512 570 1685 614 intendit,
1703 582 1745 605 ac
1766 569 1881 606 solam
1908 582 2020 618 quam
2044 569 2163 618 diligit
2180 569 2332 619 gratiam
2354 567 2411 604 di—

1423 631 1520 666 vinae
1546 629 1791 678 cognitionis,
1814 637 1947 664 caetera
1974 640 2173 677 respuens,
2198 627 2412 664 medullitus

1424 689 1564 733 liaurit3
1583 689 1745 737 forisque
1761 687 1865 722 velut
1881 686 2106 723 insensibilis
2121 686 2306 731 redditur,
2322 685 2412 722 dum

1423 748 1522 784 intus
1543 747 1588 784 ad
1610 746 1894 796 contemplanda
1924 746 2073 782 Domini
2100 745 2157 783 sui
2177 745 2311 796 gaudia
2330 745 2414 781 seli-

1423 808 1568 843 cissima
1590 807 1742 856 rapitur.
1763 807 1850 843 Sine
1869 804 1984 842 dubio
2004 805 2086 842 talis
2105 813 2161 842 est
2174 805 2234 841 illa
2247 833 2257 851 ‚
2274 817 2358 854 quae
2373 804 2411 840 in

1422 866 1583 904 Canticis
1614 866 1782 913 loquitur
1810 879 1817 900 :
1845 866 1926 913 Ego
1955 866 2117 909 dormio,
2145 874 2179 900 et
2204 877 2268 899 cor
2292 876 2413 898 meum

1423 929 1554 971 vgilae
1572 931 1598 960 9.

1480 983 1513 1020 7.
1541 982 1698 1019 Duobus
1723 990 1845 1020 autem
1866 981 1988 1018 modis
2011 981 2156 1018 Martha
2175 981 2315 1031 excipit
2333 983 2414 1018 Do—

364 1046 452 1083 bum
477 1046 634 1082 dixerim
665 1057 745 1081 esse
770 1053 807 1080 et
827 1042 953 1079 cibum
981 1051 1018 1078 et
1043 1041 1230 1091 gladium,
1254 1040 1359 1089 quasi
1381 1045 1408 1079 B
1429 1043 1593 1088 minum,
1623 1050 1660 1077 et
1690 1041 1830 1090 duplex
1860 1041 1894 1077 ei
1925 1040 2139 1077 conviw'um
2171 1048 2298 1090 parat,
2328 1040 2416 1088 quia

365 1106 598 1155 impossibile
623 1105 682 1141 vel
704 1103 909 1140 absurdum
934 1103 991 1139 sit.
1012 1105 1054 1138 ln
1077 1101 1188 1138 rebus
1205 1099 1357 1149 quidem

367 1165 620 1202 materialibus
640 1163 742 1200 aliud
762 1163 836 1199 hoc
850 1191 860 1207 ‚
879 1162 979 1199 aliud
1005 1170 1060 1198 est
1079 1161 1170 1197 illud
1192 1175 1199 1196 :
1218 1168 1254 1196 et
1271 1158 1359 1196 alibi

366 1225 548 1274 quaeritur
569 1224 641 1260 hoc
655 1252 664 1269 ,
684 1221 771 1259 alibi
793 1221 896 1258 illud.
915 1225 959 1258 In
985 1220 1097 1257 rebus
1129 1233 1220 1256 vcro
1245 1219 1358 1268 spiri-

368 1283 530 1320 tualibus
555 1296 633 1319 uon
660 1281 760 1318 aliud
791 1281 863 1317 hoc
893 1288 970 1323 est,
1001 1292 1112 1328 quam
1146 1278 1262 1322 illud3
1295 1290 1361 1313 nec

366 1343 454 1379 alibi
477 1342 658 1391 quaeritur
677 1341 768 1385 boc,
788 1339 876 1375 alibi
896 1337 987 1374 illud
1010 1353 1017 1373 :
1040 1337 1104 1373 sed
1127 1337 1252 1372 omnia
1274 1343 1362 1371 sunt

367 1401 477 1438 nobis
502 1402 540 1437 in
570 1404 650 1437 Deo
666 1427 676 1443 ,
697 1407 735 1435 et
755 1406 810 1434 est
832 1401 932 1434 Deus
954 1397 1080 1432 omnia
1105 1396 1141 1431 in
1172 1394 1350 1430 omnibus

367 1465 462 1498 Ecce
478 1460 578 1497 enim
598 1460 634 1494 in
656 1466 787 1494 natura
804 1470 929 1493 rerum
947 1455 1038 1504 quid
1055 1463 1128 1490 tam
1146 1453 1334 1490 diversum
1350 1481 1359 1495 ,

367 1533 477 1570 quam
498 1518 605 1568 panis
625 1526 660 1553 et
683 1517 802 1566 lapis?
819 1524 856 1552 et
874 1524 997 1551 tamen
1015 1515 1045 1550 si
1065 1513 1111 1549 ad
1133 1512 1362 1549 intellectum

368 1580 566 1628 mysticum
605 1577 762 1620 reseras,
802 1583 1006 1622 utrumque
1037 1573 1136 1609 idem
1169 1571 1360 1621 significat.

366 1643 459 1676 Nam
487 1637 585 1674 idem
612 1636 780 1674 Christus
807 1642 862 1670 est
891 1634 1012 1669 dictus
1032 1641 1070 1668 et
1091 1631 1221 1681 panis,
1243 1638 1279 1666 et
1307 1630 1362 1665 la-

1426 1101 1575 1138 duobus
1590 1100 1712 1137 modis
1726 1101 1935 1136 excluserat
1949 1112 2048 1136 eum.
2067 1102 2152 1136 Duo
2168 1099 2310 1148 quippe
2329 1106 2416 1135 sunt

1424 1162 1461 1197 in
1489 1160 1732 1210 operatione,
1749 1171 1833 1208 quae
1860 1157 1969 1194 nobis
1991 1162 2109 1195 Deum
2135 1158 2333 1200 auferunt,
2350 1156 2417 1192 fla-

1424 1221 1512 1269 gitia
1532 1221 1671 1256 scilicet
1684 1228 1721 1256 et
1739 1220 1917 1256 facinora.
1936 1218 2089 1266 Flagitia
2107 1217 2264 1254 dicimus
2278 1216 2418 1254 scilicet

1426 1292 1510 1328 quae
1540 1280 1578 1315 in
1606 1278 1733 1323 nobis,
1755 1278 1918 1314 facinora
1942 1290 2026 1326 quae
2054 1277 2090 1312 in
2112 1276 2305 1326 proximos
2329 1288 2418 1325 pec-

1426 1337 1548 1373 cando
1573 1337 1854 1373 committimus.
1880 1339 1975 1372 Item
2000 1344 2087 1372 sunt
2103 1335 2180 1371 duo
2198 1348 2282 1384 quae
2296 1338 2417 1371 Deum

1428 1396 1612 1441 reddunt,
1634 1395 1863 1432 continentia
1884 1403 1919 1430 et
1940 1393 2203 1430 benevolentia
2222 1409 2230 1430 z
2255 1401 2296 1431 ut
2319 1393 2419 1430 scili-

1427 1464 1486 1492 cet
1501 1468 1545 1492 ex
1564 1455 1759 1491 contrariis
1780 1453 1969 1490 contraria
1987 1461 2179 1489 curentur.
2202 1453 2299 1489 Hinc
2318 1452 2419 1488 enim

1429 1514 1608 1563 scriptum
1640 1521 1720 1549 est:
1740 1515 1840 1549 Sicut
1864 1511 2086 1547 exhibuistis
2110 1509 2273 1546 membra
2298 1519 2421 1546 vestra

1427 1578 1558 1608 servire
1577 1573 1828 1607 i'mmumliti'oe
1848 1579 1882 1606 et
1899 1574 2087 1618 iniquitati
2105 1571 2160 1605 ad
2170 1571 2419 1617 iniquitatem,

1429 1638 1483 1668 im
1500 1641 1535 1667 et
1553 1645 1649 1666 mim·
1666 1630 1835 1666 eoeliibete
1856 1643 1900 1664 ea
1918 1633 2049 1664 servire
2060 1633 2220 1674 justilioe
2233 1634 2272 1664 in
2285 1633 2424 1664 sancti-

368 1700 426 1749 pis
444 1714 452 1734 ε
472 1697 578 1748 panis
599 1696 738 1733 scilicet
754 1694 865 1730 vivus
879 1693 908 1737 ³,
929 1701 966 1728 et
986 1691 1080 1740 lapis
1101 1703 1212 1740 quem
1235 1702 1364 1738 repro·
1416 1693 1639 1738 ficationem
1658 1696 1698 1726 ¹⁰.
1717 1694 1814 1727 Dum
1838 1702 1927 1738 ergo
1948 1689 2124 1738 parandis
2145 1687 2280 1725 talibus
2301 1688 2424 1737 epulis

370 1759 553 1795 baverunt
583 1754 849 1792 aedificantes&
881 1755 1093 1799 Utrumque
1123 1749 1275 1799 quidem
1309 1756 1364 1785 est

1430 1759 1638 1800 occupatur
1663 1750 1806 1787 Martha
1820 1777 1830 1794 ,
1851 1749 2008 1785 multum
2029 1757 2199 1797 satagens
2223 1761 2294 1798 pro
2317 1756 2422 1798 parte

369 1831 438 1868 per
459 1815 770 1866 significationem
785 1842 794 1858 ‚
816 1813 902 1849 licet
921 1820 1096 1848 neutrum
1115 1811 1162 1846 sit
1185 1823 1252 1860 per
1273 1822 1363 1858 pro-
1384 1811 1411 1846 C
1429 1823 1514 1855 sua;
1537 1811 1615 1846 vult
1636 1810 1746 1846 etiam
1771 1809 1923 1845 Mariam
1938 1837 1946 1853 ,
1972 1808 2008 1844 id
2034 1816 2089 1844 est
2108 1808 2338 1844 intellectum
2353 1837 2362 1854 ,
2388 1817 2425 1844 et

373 1877 583 1928 prietatem.

423 1938 459 1972 (5.
488 1934 560 1972 Sed
585 1933 664 1982 jam
694 1939 927 1970 revertamur
956 1929 1002 1966 ad
1030 1929 1282 1980 propositum.
1304 1931 1367 1964 In-

378 2004 499 2031 trante
533 1998 622 2031 Jesu
660 1993 698 2028 in
739 1992 810 2028 hoc
849 1990 1061 2033 castellum,
1100 1989 1184 2024 duae
1221 2000 1370 2023 sorores

374 2054 520 2091 Martha
550 2061 587 2089 et
614 2051 750 2094 Maria,
779 2050 817 2086 id
846 2058 922 2095 est,
950 2048 1128 2098 Operatio
1157 2056 1193 2083 et
1220 2047 1372 2083 Intelle-

373 2123 479 2159 ctus,
509 2112 703 2161 excipiunt
732 2110 849 2146 illum.
877 2108 1080 2158 Excipiunt
1112 2107 1293 2151 dixerim,
1325 2119 1370 2142 an

374 2173 639 2222 excipiuntur?
657 2169 729 2208 Sed
759 2169 838 2205 sive
863 2168 955 2212 hoc,
983 2167 1062 2203 sive
1091 2165 1183 2202 illud
1213 2165 1371 2210 dicatur,

375 2241 577 2280 utrumque
597 2229 752 2279 prodest
770 2229 862 2273 illis,
888 2241 963 2264 non
980 2230 1080 2263 Jesu.
1099 2229 1145 2262 Et
1164 2229 1270 2262 Jesus
1288 2227 1372 2274 qui-

375 2293 460 2328 dem
493 2304 578 2327 cum
603 2289 650 2326 ad
680 2289 762 2325 illas
782 2287 906 2332 venit,
929 2287 1005 2322 duo
1034 2286 1181 2321 confert
1205 2285 1257 2320 eis
1279 2297 1370 2320 con-

375 2350 546 2400 gruentia
563 2348 740 2398 singulis,
763 2347 941 2382 virtutem
968 2354 1006 2381 et
1025 2344 1268 2394 sapientiam3
1295 2343 1370 2379 vir-

378 2418 494 2446 tutem
520 2406 756 2457 operationi,
779 2405 1001 2454 sapientiam
1023 2404 1240 2440 intellectui.
1262 2402 1372 2440 Unde

379 2470 487 2505 etiam
504 2467 550 2504 ab
566 2466 749 2516 Apostolo
767 2464 994 2513 praedicatur
1011 2462 1079 2498 Dei
1095 2462 1234 2506 virtus,
1251 2470 1287 2497 et
1304 2463 1370 2496 Dei

380 2524 600 2577 sapientia5.
620 2523 690 2561 Sed
722 2522 812 2572 quid
832 2530 905 2566 est,
925 2521 1028 2570 quod
1055 2521 1256 2556 intrantem
1288 2533 1372 2556 eum

1431 1870 1557 1905 omnia
1577 1869 1755 1905 interiora
1776 1881 1840 1904 sua
1862 1867 2000 1903 actioni
2019 1867 2188 1904 insistere
2201 1895 2211 1912 ,
2244 1867 2425 1916 operique

1434 1942 1502 1966 suo
1519 1928 1748 1978 persiciendo
1769 1941 1921 1977 operam
1945 1927 2046 1963 dare.
2069 1930 2200 1976 Itaque
2220 1927 2425 1975 conqueri-

1435 1998 1497 2025 tur
1520 1988 1566 2024 de
1589 2001 1718 2024 sorore
1747 1988 1848 2037 quod
1875 1986 1921 2023 ab
1947 1999 1989 2023 ea
2014 1999 2090 2022 non
2117 1985 2328 2035 adjuvetur,
2349 1997 2425 2021 non

1438 2056 1561 2084 tamen
1580 2047 1625 2083 ad
1647 2048 1783 2097 ipsam,
1802 2046 1866 2083 sed
1886 2046 2013 2096 potius
2033 2045 2079 2082 ad
2102 2045 2307 2082 Dominum
2331 2056 2427 2094 que-

1438 2108 1550 2143 relam
1567 2107 1730 2156 dirigens
1745 2122 1752 2143 :
1769 2109 1929 2142 Domine
1941 2135 1952 2150 ,
1970 2120 2042 2141 non
2059 2106 2189 2141 esttibi
2203 2118 2313 2148 curoe,
2329 2106 2432 2152 quod

1438 2179 1540 2203 soror
1557 2180 1640 2202 mea
1656 2169 1806 2214 reliquit
1821 2179 1879 2201 me
1895 2168 2010 2200 solam
2031 2166 2269 2201 ministrare?
2291 2167 2360 2200 Dic
2376 2177 2429 2199 er-

1436 2240 1482 2275 go
1504 2228 1559 2261 illi
1587 2235 1625 2261 ul
1655 2239 1712 2261 me
1736 2227 1893 2271 adjuvet.
1913 2224 1989 2262 chi
2010 2237 2098 2261 sane
2123 2223 2349 2261 advertenda
2373 2232 2430 2260 est

1439 2285 1577 2321 delatio
1591 2285 1760 2334 quaedam
1774 2314 1783 2330 ,
1803 2294 1838 2321 et
1849 2284 2003 2321 honoris
2016 2283 2237 2333 obsequium
2252 2295 2338 2333 erga
2356 2286 2432 2319 Do-

1438 2344 1581 2379 minum
1604 2358 1610 2379 2
1631 2343 1733 2392 quod
1751 2344 1888 2380 scilicet
1905 2343 1987 2392 ipso
2007 2350 2191 2392 praesente
2209 2354 2286 2378 non
2303 2343 2350 2377 sit
2365 2354 2431 2378 au-

1438 2415 1475 2438 sa
1503 2403 1647 2438 Martha
1675 2415 1831 2438 evocare
1857 2402 2035 2445 Mariam,
2065 2401 2236 2450 quinimo
2263 2409 2301 2437 et
2329 2399 2430 2450 apud

1437 2461 1559 2510 ipsum
1591 2461 1781 2509 querelam
1811 2460 2050 2510 deposuerit,
2071 2460 2269 2508 ipsumque
2295 2459 2430 2496 Domi-

1438 2532 1528 2556 num
1555 2520 1759 2563 vocaverit,
1780 2520 1818 2555 in
1843 2519 1950 2568 cujus
1977 2526 2161 2568 potestate
2181 2518 2228 2555 sit
2246 2518 2432 2567 imperare

378 2586 522 2625 Martha
543 2584 682 2633 excipit
696 2611 706 2628 ,
728 2582 927 2626 discurrit,
950 2581 1155 2625 ministrat;
1176 2580 1292 2616 Maria
1311 2592 1371 2614 ve-
1391 2586 1422 2619 D
1440 2579 1559 2615 sorori
1580 2579 1764 2628 quidquid
1786 2592 1934 2615 necesse
1958 2578 2080 2614 fuerit.
2104 2581 2186 2614 Non
2212 2589 2301 2626 ergo
2319 2577 2432 2613 mire-

381 2660 424 2682 ro
444 2658 550 2682 secus
570 2642 686 2693 pedes
705 2641 839 2678 sedens
856 2640 1033 2690 ingressi,
1055 2640 1092 2675 in
1113 2638 1194 2687 ejus
1213 2638 1371 2674 verbum

381 2718 446 2741 cor
466 2702 684 2753 suspendit:
706 2700 774 2736 nisi
797 2700 898 2749 quod
916 2700 1020 2749 prius
1035 2707 1090 2735 est
1107 2698 1204 2734 actio
1218 2726 1227 2743 ,
1246 2706 1376 2747 postea

382 2777 474 2799 vcro
503 2761 798 2810 contemplatio?
829 2759 1006 2808 Quisquis
1031 2758 1131 2794 enim
1162 2757 1209 2793 ad
1238 2756 1375 2792 iutelli-

388 2823 550 2872 gentiam
584 2819 781 2870 pervenire
810 2817 1015 2862 desiderat,
1037 2817 1208 2867 profecto
1229 2828 1379 2852 necesse

384 2891 439 2919 est
471 2889 512 2917 ut
546 2880 650 2929 prius
686 2891 754 2928 per
789 2890 904 2926 opera
936 2875 1036 2913 bona
1071 2889 1150 2913 sese
1182 2875 1378 2925 diligenter

384 2948 576 2983 exerceat,
599 2939 693 2975 sicut
713 2937 894 2986 scriptum
915 2945 992 2981 est,
1009 2939 1095 2978 Fili,
1118 2940 1379 2984 concupiscens

387 3004 631 3048 sapientiam,
653 3010 823 3031 conserva
834 3001 1041 3042 jicstitiam;
1057 3004 1091 3030 et
1110 2998 1208 3030 Deus
1227 2994 1378 3042 proelw-

388 3059 438 3094 Li!
459 3060 563 3093 illam
585 3055 673 3091 iibi⁶
694 3069 700 3090 :
718 3063 753 3091 et
773 3054 881 3099 alibi,
908 3059 940 3090 A
962 3056 1149 3089 niandatis
1170 3059 1238 3088 tui.»
1267 3056 1378 3089 iutel-

388 3122 492 3153 liuzi?
521 3131 527 3151 :
561 3124 618 3160 et,
649 3116 742 3150 Fide
770 3127 933 3162 purgans
965 3115 1076 3148 corda
1104 3111 1267 3148 eorum&
1299 3115 1380 3159 Qua

440 3254 445 3267 ¹
468 3250 555 3277 Dent.
573 3257 648 3282 vrit,
667 3248 698 3280 3,

1441 2652 1536 2683 mur,
1547 2639 1576 2675 si
1587 2639 1800 2687 quempiam
1817 2637 2048 2674 laborantem
2060 2645 2097 2673 et
2108 2636 2203 2673 bene
2213 2644 2432 2686 operantem

1441 2698 1640 2734 adversum
1659 2697 1808 2734 fratrem
1833 2705 2025 2734 vacantem
2053 2708 2288 2733 murmurare
2306 2695 2435 2732 videa-

1445 2770 1550 2803 mus;
1572 2757 1660 2806 quia
1688 2757 1758 2793 boc
1782 2757 1818 2792 in
1839 2756 2044 2806 Evangelio
2072 2755 2227 2804 legimus
2250 2753 2434 2791 Martliam

1445 2816 1574 2852 secisse
1608 2815 1788 2851 adversus
1815 2815 1984 2852 Mariam.
2023 2813 2133 2861 Quod
2162 2820 2285 2848 autem
2319 2812 2434 2848 Maria

1445 2874 1673 2923 quandoque
1700 2873 1991 2910 murmuraverit
2019 2872 2201 2909 adversus
2228 2870 2433 2915 Martham,

1443 2946 1488 2970 eo
1510 2933 1611 2982 quod
1637 2933 1718 2982 ejus
1744 2932 1955 2969 actionibus
1979 2931 2163 2981 implicari
2185 2930 2318 2973 vellet,
2344 2942 2435 2966 nus—

1442 3006 1552 3042 quam
1587 2993 1744 3029 omnino
1776 2993 1975 3042 reperitur.
2004 2995 2132 3040 Reque
2160 2989 2260 3026 enim
2289 2997 2435 3025 utrum-

1444 3066 1516 3102 que
1534 3053 1642 3088 simul
1664 3065 1772 3101 agere
1788 3059 2045 3101 competenter
2060 3049 2266 3093 sufficeret,
2285 3056 2321 3084 et
2337 3047 2436 3084 curis

1446 3113 1583 3149 scilicet
1611 3111 1864 3148 exterioribus
1891 3111 2100 3153 deservire,
2128 3117 2164 3145 ct
2191 3108 2348 3144 internis
2376 3120 2435 3143 sa—

720 3252 746 3275 vt
765 3244 875 3275 Manli.
893 3256 937 3281 n,
959 3247 988 3275 4.
1006 3262 1048 3266 ——
1069 3249 1081 3264 ²
1097 3243 1414 3285 Eplies.v1,13-17.
1433 3261 1473 3266 -—
1489 3242 1606 3274 3Joan.
1622 3254 1652 3272 vi
1667 3266 1675 3280 ‚
1693 3245 1804 3274 35.-—
1822 3243 1836 3267 4
1851 3246 1922 3273 Act.
1944 3253 1988 3278 iv,
2009 3244 2058 3271 11.
2077 3257 2116 3262 -
2132 3237 2145 3260 ⁵
2161 3243 2174 3270 1
2188 3240 2260 3269 Cor.
2274 3249 2299 3274 ῐ,
2323 3240 2430 3269 24.-

388 3304 402 3319 ¹1
425 3299 515 3330 hccli.
533 3310 562 3331 ι,
585 3301 690 3328 33.-
711 3303 724 3325 Τ
750 3297 824 3326 Psal.
844 3308 852 3324 t
866 3307 949 3325 xxxxi
964 3319 971 3332 ,
998 3298 1073 3325 105⁵.
1090 3313 1133 3317 ——
1149 3294 1162 3315 ⁸
1177 3299 1248 3325 Act.
1271 3306 1328 3331 xv,
1349 3298 1380 3325 9.
1395 3314 1432 3317 —
1451 3302 1466 3324 9
1480 3295 1596 3325 Cautio.
1616 3306 1646 3327 ν,
1669 3298 1697 3324 2.
1711 3312 1754 3317 —-
1777 3300 1806 3315 ¹⁰
1822 3297 1911 3324 Rom.
1931 3304 1963 3322 vr
1979 3317 1985 3327 ,
2014 3296 2064 3323 19.
