2418 3949
180 234 275 270 1293

830 237 991 271 SERMo
1021 237 1083 271 Dr:
1112 236 1341 271 PASSlONE
1372 237 1558 272 DOMINI.

2120 230 2216 266 1294

173 310 350 347 {amulum
370 320 474 348 tuum
503 312 712 360 configura,
732 312 868 348 faciens
885 312 920 347 in
943 325 1001 347 me
1020 320 1059 347 ut
1076 308 1427 359 nio-‘³³⁵splendore
1450 313 1550 348 mille
1571 311 1719 347 millena
1740 311 1854 347 millia
1872 311 2053 346 luminum
2073 309 2217 357 fulgen-

171 370 246 404 riar
268 370 420 419 quidem
438 380 592 420 peccato
618 370 824 407 secundum
842 384 1013 416 carnem,
1037 371 1157 406 vivam
1175 372 1206 403 A
1227 369 1274 404 tia
1291 377 1376 405 ante
1394 369 1571 406 thronum
1589 370 1795 406 divinitatis
1820 378 1891 405 tuae
1916 384 1937 405 a
1963 369 2143 418 primaevo
2159 367 2216 403 di-

170 437 293 465 autem
311 429 464 478 justitiae
480 430 684 466 secundum
706 431 890 480 spiritum.

231 488 287 524 18.
320 492 369 526 Ut
399 496 522 525 autem
549 489 730 537 integram
759 489 933 526 Crucilixi
959 489 1158 537 imaginem

171 559 228 581 me
261 555 414 595 portare
443 548 594 597 glorier,
629 548 721 584 illud
752 561 905 598 quoque
937 547 1041 597 quod
1075 557 1159 598 post

170 613 328 641 mortem
372 615 471 642 tuam
514 606 732 643 insatiabilis
767 607 907 643 malitia
940 607 1156 645 Judaeorum

168 664 372 712 impiorum
392 665 430 700 in
453 673 487 702 te
507 667 692 711 exercuit,
714 667 811 703 hanc
835 667 872 702 in
905 680 963 703 me
983 667 1157 703 similitu-

167 723 293 760 dinem
319 725 500 773 exprime.
529 726 710 763 Vulneret
737 739 804 762 cor
833 739 954 762 meum
985 726 1094 762 vivus
1121 735 1159 762 et

167 783 298 819 efficax
320 797 444 820 sermo
471 793 571 830 tuus,
602 785 872 834 penetrabilior
900 785 1003 821 omni
1030 786 1158 821 lancea

165 843 396 889 acutissima,
434 845 652 894 pertingens
689 858 808 894 usque
847 845 893 882 ad
934 845 1155 881 divisionem

165 902 299 938 animae
329 916 442 948 meae3
470 912 506 940 et
536 903 722 953 producat
749 918 794 941 ex
826 918 868 940 ea
901 913 1079 952 tanquam
1111 904 1156 940 de

165 961 322 999 dextero
351 963 464 1000 latere
495 977 594 1009 meo,
627 965 708 1001 vice
739 964 927 1013 sanguinis
960 972 996 1000 et
1026 976 1154 1012 aquae,

163 1034 329 1058 amorem
352 1031 475 1067 tuum,
508 1024 687 1063 Domine,
717 1032 755 1060 et
784 1024 938 1060 fratrum
968 1035 1153 1058 meorum.

164 1084 360 1117 Postremo
380 1090 417 1118 et
440 1083 580 1119 munda
600 1083 758 1119 sindone
787 1083 917 1132 primae
945 1082 1048 1118 stolae
1075 1082 1154 1131 spi—
1173 1081 1200 1114 Β

164 1140 277 1176 ritum
309 1155 431 1178 meum
452 1143 624 1188 involve,
650 1143 688 1179 in
706 1156 781 1192 qua
800 1141 1029 1190 requiescam
1048 1154 1157 1190 egre-

163 1199 269 1236 diens
287 1209 325 1236 et
345 1201 556 1249 ingrediens
571 1203 611 1238 in
630 1202 755 1238 locum
783 1200 1015 1237 tabernaculi
1033 1199 1155 1237 admi—

163 1258 308 1305 rabilis,
340 1268 378 1296 et
408 1259 617 1297 abscondas
650 1274 731 1306 me,
767 1261 888 1297 donec
920 1269 1157 1310 pertranseat

162 1319 270 1355 furor
287 1327 384 1356 tuus.
404 1319 474 1356 Die
494 1329 618 1357 autem
640 1321 749 1357 tertio
770 1329 855 1370 post
881 1320 978 1357 diem
1001 1319 1153 1366 laboris,

161 1386 247 1426 post
270 1377 369 1414 diem
396 1379 590 1428 supplicii,
612 1393 721 1416 inane
742 1380 863 1429 prima
894 1377 1039 1415 sabbati
1069 1392 1156 1428 per-

161 1445 278 1486 petuo
298 1438 396 1474 inter
416 1438 513 1475 filios
539 1447 624 1476 tuos
650 1452 709 1475 me
735 1438 930 1488 indignum
953 1438 1129 1475 resuscita
1145 1467 1153 1483 ,

162 1503 202 1530 ut
234 1495 270 1531 in
299 1509 412 1532 carne
445 1509 526 1533 mea
559 1497 705 1533 videam
739 1498 943 1533 claritatem
975 1505 1094 1542 tuam,
1120 1505 1156 1534 et

159 1553 368 1602 adimplear
385 1555 510 1591 laetitia
532 1556 657 1592 vultus
676 1557 741 1592 tui.
761 1559 792 1594 Ο
809 1556 982 1594 Salvator
997 1570 1102 1593 meus
1118 1566 1155 1592 et

159 1616 262 1649 Deus
291 1626 417 1659 meus,
448 1616 592 1660 veniat,
621 1617 766 1662 veniat,
796 1629 884 1661 oro,
917 1615 1084 1665 tempus,
1115 1625 1156 1652 ut

160 1672 264 1721 quod
286 1687 386 1710 nunc
408 1674 534 1719 credo,
555 1676 674 1711 oculis
695 1675 843 1712 tandem
866 1675 1040 1712 revelatis
1058 1676 1157 1724 aspi-

325 1734 428 1782 quod
464 1747 566 1771 nunc
597 1748 707 1784 spero
742 1743 779 1771 et
813 1749 833 1771 a
867 1735 978 1784 longe
1007 1736 1152 1779 salum,

160 1793 441 1842 apprehendam
478 1809 486 1831 ε
519 1795 622 1844 quod
657 1809 757 1831 nunc
789 1808 860 1845 pro
890 1795 1034 1832 viribus
1065 1796 1156 1832 meis

159 1852 347 1899 desidero,
370 1855 469 1891 ulnis
489 1857 622 1891 animae
649 1869 740 1892 meae
764 1856 971 1905 amplectar
986 1865 1023 1891 et
1043 1856 1154 1892 deos-

158 1913 274 1956 culer,
295 1923 332 1950 et
357 1914 396 1950 in
417 1915 554 1951 amoris
580 1916 635 1951 tui
661 1914 797 1964 abysso
815 1923 914 1951 totus
933 1914 1150 1960 absorbear,

158 1986 183 2007 o
203 1974 374 2010 Salvator
391 1987 516 2021 meus,
535 1983 572 2011 et
591 1978 694 2012 Deus
712 1977 836 2011 meus!

215 2032 273 2068 19.
303 2033 376 2069 Sed
402 2046 503 2070 nunc
525 2033 674 2070 interim
702 2033 878 2078 benedic,
906 2034 1027 2070 anima
1049 2047 1151 2079 mea,

158 2091 391 2129 Salvator-em
424 2101 548 2139 tuum,
578 2102 616 2130 et
645 2094 842 2143 magnilica
875 2106 1013 2130 nomeu
1047 2093 1151 2142 ejus,

157 2151 259 2200 quod
286 2161 342 2188 est
367 2161 538 2189 sanctum
573 2161 611 2189 et
635 2153 878 2190 sanctissimis
900 2153 1043 2190 deliciis
1069 2154 1152 2203 ple-

156 2223 261 2248 num.
279 2215 311 2249 O
331 2225 443 2261 quam
465 2212 606 2258 bonus,
629 2226 740 2262 quam
762 2213 886 2250 suavis
912 2226 970 2259 es,
991 2215 1153 2250 Domine

156 2273 264 2315 Jesu,
285 2271 419 2308 animae
443 2274 629 2321 quaerenti
652 2275 706 2309 te!
734 2276 819 2310 Jesu
853 2273 1071 2323 redemptor
1089 2288 1153 2311 ca-

158 2329 370 2378 ptivorum,
392 2332 556 2368 salvator
573 2333 825 2382 perditorum,
845 2346 929 2383 spes
954 2335 1148 2378 exsulum,

156 2389 340 2426 fortitudo
357 2391 628 2437 laborantium,
647 2393 787 2429 anxiati
804 2393 958 2442 spiritus
974 2393 1148 2437 latitudo,

155 2448 291 2486 animae
311 2450 530 2499 lacrymosa:
549 2460 586 2488 et
603 2461 687 2501 post
705 2461 740 2488 te
755 2452 793 2488 in
809 2452 947 2489 sudore
965 2453 1151 2488 currentis

156 2506 263 2545 dulce
297 2510 470 2546 solatium
504 2519 542 2547 et
573 2524 685 2548 suave
719 2512 976 2561 refrigerium,
1010 2525 1152 2548 corona

156 2567 464 2618 triumphantium
476 2598 486 2615 ,
503 2571 614 2606 unica
630 2584 772 2608 merces
786 2580 823 2607 et
839 2572 965 2608 laetitia
981 2572 1149 2608 omnium

160 1733 255 1769 ciam
286 1749 294 1770 z

1225 428 1369 464 laculo!
1399 431 1430 466 O
1459 438 1640 466 aeteruum
1672 438 1709 465 ct
1740 429 1977 473 incessabile,
2006 428 2146 464 clarum
2179 435 2216 462 et

1224 486 1333 523 dulce
1367 487 1595 536 profluvium
1632 488 1744 524 fontis
1778 487 1987 523 absconditi
2021 485 2066 522 ab
2097 485 2215 522 oculis

1223 547 1392 582 omnium
1412 547 1646 592 mortalium,
1667 546 1773 595 cujus
1799 546 1897 582 unda
1920 546 1999 582 sine
2021 554 2126 590 ortu,
2151 557 2215 580 cu-

1218 604 1282 652 jus
1314 605 1546 654 profundum
1575 606 1655 641 sine
1685 605 1816 650 fundo,
1851 604 1956 653 cujus
1993 604 2109 640 altum
2135 603 2215 638 sinc

1224 664 1398 709 termino,
1425 664 1531 712 cujus
1559 665 1767 714 amplitudo
1795 661 2213 703 incircumscrntabilis,

1223 722 1330 771 cujus
1352 724 1495 772 puritas
1521 723 1863 773 imperturbabilis!
1886 723 2079 759 Eructavit
2098 730 2131 757 te
2152 735 2217 758 cor

1223 783 1292 818 Dei
1311 783 1477 818 altissimi
1505 782 1550 818 de
1572 796 1636 819 sua
1657 782 1934 832 impenetrabili
1960 781 2114 830 abysso,
2141 782 2216 817 vita

1223 842 1356 888 vitam,
1376 843 1439 878 lux
1470 843 1610 887 lucem,
1638 845 1737 878 Deus
1764 846 1905 884 Deum,
1927 849 2089 876 aeternus
2108 849 2216 876 aeter—

1223 914 1332 947 num,
1352 902 1555 939 immensus
1575 903 1819 946 immensum,
1843 916 1884 937 ac
1909 914 1976 950 per
1996 901 2122 936 onmia
2146 899 2214 936 sibi

1223 962 1448 1010 coaequalem
1472 977 1479 997 :
1502 971 1539 998 et
1570 962 1615 997 de
1641 961 1877 1011 plenitudine
1899 970 1960 997 tua
1987 973 2055 996 nos
2084 973 2215 996 omnes

1223 1022 1435 1070 accepimus
1449 1029 1477 1056 ²¹.

1277 1082 1337 1117 20.
1367 1085 1422 1118 Tu
1453 1081 1573 1125 enim,
1605 1081 1808 1129 largissime
1840 1081 1922 1115 sons
1953 1080 2074 1115 omnis
2099 1078 2212 1123 boni,

1222 1141 1479 1190 septemplicis
1503 1141 1630 1189 gratiae
1652 1141 1857 1189 pretiosum
1885 1140 2025 1175 (lumen
2053 1138 2098 1174 dc
2135 1139 2216 1174 the-

1223 1200 1340 1236 sauris
1367 1200 1440 1235 tuis
1468 1199 1625 1243 emittis,
1655 1200 1762 1248 eujus
1791 1200 1894 1235 suavi
1925 1198 2078 1234 dulcore
2106 1197 2217 1246 hujus

1223 1259 1341 1295 nostri
1370 1259 1501 1304 maris,
1530 1258 1567 1294 id
1594 1267 1648 1295 est
1675 1267 1810 1295 nostrae
1830 1257 2074 1301 infirmitatis,
2100 1257 2221 1293 salsu—

1222 1319 1345 1367 ginem
1376 1318 1545 1367 mitigare
1572 1318 1748 1366 dignaris.
1778 1319 1934 1356 Flumen
1964 1317 2035 1352 olei
2056 1317 2214 1361 laetitiae,

1224 1378 1363 1414 flumen
1392 1378 1469 1414 vini
1495 1378 1755 1423 meracissimi,
1783 1386 1931 1413 torrens
1948 1377 2044 1426 ignei
2062 1377 2213 1425 vigoris.

1222 1437 1382 1486 Spiritus
1398 1437 1607 1486 paracletus
1623 1445 1694 1472 ate
1710 1445 1744 1472 et
1762 1440 1888 1479 Patre,
1909 1449 1976 1485 par
1992 1435 2161 1484 utrique,
2180 1436 2217 1471 in

1222 1496 1351 1533 orbem
1371 1505 1479 1532 terrae
1496 1496 1748 1545 perfunditur,
1764 1496 1889 1532 omnia
1907 1496 2074 1544 replens,
2093 1496 2217 1531 omnia

1222 1557 1420 1592 continens
1441 1571 1448 1591 2
1468 1556 1629 1605 Spiritus
1646 1570 1666 1591 a
1684 1564 1735 1601 te,
1764 1555 1922 1604 Spiritus
1940 1569 1959 1590 a
1977 1557 2103 1598 Patre,
2122 1567 2218 1589 unus

1222 1630 1266 1652 ex
1281 1616 1480 1660 ambobus,
1498 1617 1630 1652 uniens
1647 1614 1791 1660 ambos,
1808 1623 1938 1663 utpote
1951 1613 2148 1649 amborum
2163 1614 2217 1649 in-

1222 1676 1376 1712 dividua
1404 1676 1605 1720 connexio,
1627 1676 1804 1711 nnilicum
1830 1675 1977 1723 gluten,
1998 1675 2216 1723 complexus

1221 1736 1511 1781 indissolubilis,
1533 1744 1570 1771 et
1599 1748 1671 1784 pax
1701 1748 1852 1771 omnem
1878 1747 2027 1770 sensum
2051 1746 2214 1783 exsupe-

1222 1810 1319 1832 rans.
1347 1797 1414 1831 Hic
1430 1804 1483 1833 est
1512 1805 1658 1832 torrens
1681 1795 1885 1843 voluptatis
1917 1803 2006 1839 tuae,
2027 1795 2211 1837 Domine,

1174 1858 1294 1904 Cqua
1335 1855 1532 1891 delicatam
1574 1855 1672 1890 illam
1707 1863 1744 1889 et
1784 1854 1984 1902 gloriosam
2027 1854 2214 1890 civitatem

1218 1915 1444 1959 Jerusalem,
1466 1928 1548 1964 quae
1574 1927 1722 1950 sursum
1748 1922 1820 1950 est.
1838 1913 1978 1961 jugiter
2006 1923 2131 1962 potas,
2154 1914 2216 1949 lae-

1220 1975 1385 2012 tabunda
1407 1974 1587 2011 ebrietate
1606 1975 1691 2010 l'acis
1709 1982 1882 2018 aestuare,
1902 1982 1941 2008 nt
1961 1973 2026 2009 tibi
2049 1973 2214 2020 jubilent

1220 2035 1402 2083 hymnum
1442 2033 1696 2071 incessabilem
1729 2033 1852 2070 lucida
1880 2033 1940 2068 illa
1973 2041 2008 2069 et
2045 2034 2215 2070 flammea

1220 2108 1359 2143 organa
1375 2095 1414 2131 in
1432 2107 1524 2131 voce
1541 2094 1800 2130 exsultationis
1820 2102 1855 2128 et
1876 2106 1970 2129 sono
1999 2094 2186 2142 epulantis
2204 2110 2212 2138 3

1219 2153 1401 2203 cujusque
1428 2152 1740 2190 desiderabilibus
1764 2153 1878 2201 guttis
1909 2152 2106 2189 refocillari
2136 2154 2214 2189 siti—

1217 2212 1356 2250 bundae
1387 2214 1510 2250 fauces
1541 2213 1679 2248 exsulis
1714 2212 1842 2261 populi
1873 2212 1924 2247 tui
1957 2211 2099 2259 jugiter
2127 2226 2145 2247 a
2181 2220 2214 2248 te

1217 2281 1453 2322 exspectant,
1485 2273 1657 2309 Domine.
1689 2271 1832 2314 Sinitu,
1864 2273 1990 2314 Pater,
2024 2279 2064 2306 ut
2093 2271 2214 2307 catelli

1218 2331 1348 2368 bibant
1371 2332 1416 2368 de
1433 2332 1540 2368 stillis
1563 2344 1647 2380 quse
1673 2330 1811 2366 cadunt
1829 2329 1874 2364 de
1894 2342 2020 2365 mensa
2038 2329 2213 2365 domino—

1219 2405 1299 2427 rum
1326 2405 1494 2428 suorum.
1518 2395 1676 2436 Roratc,
1705 2390 1808 2434 coeli,
1835 2389 2008 2438 desuper,
2033 2398 2069 2425 et
2096 2389 2214 2425 nubes

1217 2451 1349 2500 pluant
1372 2450 1517 2499 justum
1547 2451 1671 2495 illum,
1704 2450 1883 2493 Domine,
1911 2462 2023 2497 quem
2057 2458 2213 2486 aestuare

1218 2511 1347 2547 fecisti.
1377 2511 1542 2559 Inclytas
1575 2509 1759 2559 primitias
1791 2509 1922 2558 populi
1964 2509 2041 2552 tui,
2068 2509 2212 2557 insigne

1218 2570 1464 2606 solemnitatis
1478 2578 1614 2606 nostrae
1631 2569 1710 2612 illo,
1728 2580 1962 2616 quaesumus,
1980 2567 2092 2617 igneo
2112 2569 2213 2605 stilli-

155 2640 408 2676 supernorum
442 2630 601 2675 civium,
640 2630 830 2667 uberrime
864 2632 947 2667 sons
980 2631 1150 2667 omnium
1171 2633 1200 2666 D
1218 2629 1316 2665 cidio
1343 2642 1481 2678 purga,
1507 2628 1665 2671 innova,
1690 2627 1879 2666 illumina,
1909 2626 2116 2672 iullamma,
2144 2642 2211 2663 ex—

154 2686 378 2733 gratiarum,
407 2687 547 2736 inclyta
575 2689 698 2737 proles
724 2690 858 2726 summi
888 2689 977 2726 Dei!
998 2693 1150 2726 Summe

156 2748 276 2791 Deus,
305 2754 338 2782 te
360 2745 585 2783 benedicant
613 2748 740 2784 onmia
765 2761 849 2797 quae
876 2749 912 2784 in
940 2749 1036 2784 ccelo
1064 2757 1151 2784 sunt

155 2818 322 2851 sursum,
340 2815 377 2842 ct
395 2820 480 2856 (111ae
498 2807 535 2843 in
559 2815 653 2843 terra
670 2807 844 2844 deorsum
859 2823 868 2852 ;
891 2808 979 2857 quia
996 2821 1151 2856 magnus

154 2877 194 2900 es
213 2873 272 2909 tu,
294 2873 331 2901 ct
348 2878 523 2916 magnum
551 2879 690 2903 nomen
718 2875 836 2903 tuum.
854 2870 885 2905 O
902 2867 1150 2904 iimnarcessi·

154 2921 239 2959 bilis
253 2923 369 2960 decor
384 2926 450 2962 Dei
465 2927 620 2970 excelsi,
635 2935 672 2962 et
688 2927 883 2976 purissima
898 2927 1044 2963 claritas
1059 2927 1149 2963 lucis

154 2990 323 3027 aeternae,
341 2983 415 3019 vita
432 2997 582 3021 omnem
602 2985 714 3021 vitam
733 2986 941 3031 vivificans,
959 2986 1022 3022 lux
1037 2999 1149 3022 omne

155 3041 281 3078 lumen
314 3043 550 3091 illuminans,
574 3053 612 3081 et
640 3059 868 3082 conservans
896 3046 933 3082 iu
965 3054 1148 3095 perpetuo

202 3168 214 3182 ⁸
235 3166 311 3198 lude
325 3179 421 3210 usque
435 3169 473 3200 ad
489 3170 582 3201 linem
596 3169 751 3213 discrepat
766 3172 848 3214 apud
874 3173 1067 3203 Ausehmnn.

1217 2689 1334 2724 hilara
1355 2697 1392 2723 et
1417 2690 1618 2729 eoulirma;
1638 2695 1673 2721 et
1698 2687 1761 2721 uni
1779 2699 1845 2721 eor
1865 2685 2097 2721 credentium
2121 2687 2186 2722 tibi
2203 2717 2211 2728 ,

1218 2756 1257 2783 ut
1285 2760 1399 2783 uuum
1418 2748 1511 2791 sint,
1534 2759 1648 2782 [numu
1667 2746 1830 2794 sapiant,
1850 2758 1966 2780 uuiuu
1986 2745 2213 2781 unanimiter

1217 2807 1432 2855 requirant,
1451 2815 1490 2841 ut
1507 2804 1792 2854 apprehendant
1807 2813 1843 2840 et
1859 2803 2027 2848 videant,
2045 2813 2080 2840 et
2098 2804 2211 2841 bene—

1217 2866 1341 2902 ‹lu-ant
1364 2874 1397 2902 te
1423 2869 1540 2902 Deum
1559 2865 1715 2900 deorum
1748 2864 1781 2899 iu
1804 2864 1905 2899 sion.
1926 2864 1979 2899 Sit
2009 2864 2212 2900 individua·

1216 2926 1384 2962 'l'rinitati
1412 2926 1547 2974 gloria,
1569 2925 1773 2974 gratiarum
1795 2924 1906 2966 aetio,
1930 2923 2066 2963 honor.
2089 2933 2123 2960 et
2143 2925 2211 2961 im-

1218 2986 1363 3035 perium
1385 2987 1420 3021 iu
1440 2986 1576 3021 saecula
1595 2984 1831 3021 saeculorum.
1856 2988 1987 3019 Amen.
