2418 3949
102 191 171 226 421
643 193 872 228 EPISTOLA
903 195 967 228 AD
998 193 1214 226 FRATRES
1244 194 1305 226 DE
1337 195 1616 228 MONTE-DEI.
2079 192 2154 227 422

101 265 325 302 obnubilare
352 279 427 302 non
457 275 620 314 queunt,
650 267 695 303 de
720 269 800 304 solo
822 269 999 303 novitatis
1020 280 1090 302 no-
1100 266 1144 282 ³⁰¹
1162 274 1283 302 vestra
1300 280 1366 303 vos
1385 268 1588 303 extendite.
1610 269 1645 304 Si
1663 269 1762 304 enim
1783 268 1829 303 ad
1853 267 1997 316 singula
2026 266 2154 302 volue-

101 325 201 360 mine
216 326 451 370 cavillantur,
470 333 615 361 veteres
630 326 715 375 ipsi,
732 327 820 362 etin
838 327 954 363 veteri
968 333 1093 362 mente
1110 327 1141 358 A
1160 325 1241 361 ritis
1255 353 1264 369 ‚
1284 327 1343 362 vel
1362 326 1620 363 laudatoribus
1638 327 1890 376 respondere,
1907 327 1966 363 vel
1983 338 2068 362 cum
2084 325 2152 361 de-

99 384 308 420 nescientes
323 397 421 420 nova
439 383 631 430 meditari;
654 393 757 422 utres
771 393 916 421 veteres
934 397 1011 420 non
1032 397 1094 420 ca·

99 442 245 491 pientes
276 443 406 479 vinum
439 455 598 488 novum,
619 443 722 491 quod
748 444 778 480 si
801 444 855 480 eis
875 442 1093 479 infundere-

99 509 171 547 tur,
190 510 470 551 rumperentur.
493 501 564 540 Sed
584 502 662 539 haec
685 503 832 539 novitas
854 515 932 539 non
949 511 1005 539 est
1021 515 1090 539 no-

96 560 192 597 vella
210 562 366 597 vanitas.
388 565 462 598 Res
481 561 581 597 enim
607 569 663 597 est
688 561 852 610 antiquae
873 561 1063 610 religionis
1078 590 1088 606 ‚

96 619 282 668 perfecte³
316 619 480 655 fundatae
509 619 548 655 in
570 619 719 657 Christo
739 620 910 669 pietatis,
933 620 1088 668 antiqua

95 676 292 714 haereditas
317 678 492 714 Ecclesiae
521 678 649 722 Dei‚a
681 687 852 728 tempore
880 678 1088 728 Propheta-

95 749 178 772 rum
209 744 518 786 praemonstrata,
547 736 703 785 jamque
729 750 838 773 novae
862 737 989 787 gratiae
1009 737 1087 773 sole

93 803 248 840 exorto,
269 796 307 831 in
328 799 475 833 Joanne
487 796 653 844 Baptista
668 796 872 832 instaurata
887 804 924 832 et
940 797 1086 841 innata;

92 852 139 890 ab
170 855 253 904 ipso
288 856 451 891 Domino
482 855 768 891 familiarissime
794 854 1009 900 celebrata,
1041 855 1088 892 ab

91 912 172 962 ejus
192 913 385 963 discipulis
406 913 490 963 ipso
521 922 706 963 praesente
732 916 933 964 concupita
952 929 960 950 :
983 915 1088 964 cujus

93 973 431 1021 transfigurationis
448 973 604 1022 gloriam
621 986 705 1009 cum
724 973 904 1010 vidissent
919 974 982 1023 qui
1003 987 1087 1010 cum

1160 383 1385 421 tractoribus
1408 386 1574 435 litigare,
1605 394 1752 435 tempus
1776 385 1953 435 perditis,
1985 383 2093 433 cujus
2113 384 2152 420 in

1157 443 1353 492 proposito
1371 452 1498 480 sancto
1515 457 1591 480 non
1609 445 1702 481 levis
1727 453 1784 481 est
1805 443 1964 492 jactura.
1991 447 2024 481 A
2043 443 2153 479 terris

1155 501 1256 537 enim
1279 502 1327 538 ad
1358 503 1473 540 coelos
1502 503 1738 540 festinantem
1771 504 1837 552 qui
1869 511 2052 548 moratur,
2083 502 2151 539 etsi

1155 571 1231 596 non
1251 560 1414 607 detinet,
1435 562 1641 611 plurimum
1660 570 1784 598 tamen
1804 570 1926 598 nocet.

1514 689 1691 729 CAPUT
1720 691 1777 728 ΙΙ.

1266 798 1367 837 Quam
1385 795 1481 827 ardua
1496 802 1526 827 et
1544 795 1685 827 sublimis
1698 796 1735 826 sit
1748 806 1857 827 eorum
1870 796 2034 838 professio.

1214 917 1252 951 5.
1287 914 1409 950 Nolite
1447 926 1535 963 ergo
1567 914 1782 962 negligere,
1819 914 1934 950 nolite
1972 913 2145 950 tardare:

1155 973 1307 1022 grandis
1329 973 1429 1009 enim
1465 972 1570 1010 vobis
1602 981 1716 1009 restat
1746 974 1817 1008 via.
1839 973 2028 1010 Altissima
2047 974 2146 1009 enim

90 1043 135 1067 eo
154 1031 192 1067 in
211 1040 341 1068 monte
364 1040 494 1068 sancto
513 1040 641 1077 erant,
663 1033 848 1068 continuo
873 1036 1024 1077 Petrus,
1045 1033 1083 1069 in
1107 1034 1134 1068 B
1154 1041 1208 1069 est
1229 1032 1413 1082 professio
1433 1041 1566 1069 vestra.
1591 1033 1713 1069 Coelos
1737 1032 1887 1077 transit,
1907 1045 1974 1082 par
1994 1033 2148 1081 Angelis

89 1103 134 1127 eo
152 1090 304 1139 quidem
321 1090 502 1140 abreptus
522 1091 615 1137 sibi,
634 1100 670 1127 et
690 1092 861 1128 nesciens
876 1092 966 1141 quid
988 1092 1085 1129 dice-

90 1157 168 1194 ret,
190 1150 278 1199 quia
298 1151 376 1187 visa
393 1151 463 1187 Dei
481 1150 692 1200 majestate,
717 1164 918 1188 commune
939 1150 1083 1188 bonum

89 1209 188 1246 intra
209 1210 397 1259 privatum
420 1222 530 1246 suum
550 1210 650 1246 visus
678 1218 734 1247 est
763 1211 1014 1256 conclusisse;
1046 1212 1084 1248 in

89 1280 134 1305 eo
150 1276 275 1305 autem
303 1269 616 1318 praesentissimus
642 1268 733 1315 sibi,
754 1278 792 1306 et
817 1270 1085 1308 scientissimus

88 1327 180 1376 quid
199 1327 362 1374 diceret,
382 1329 471 1378 quia
494 1329 678 1366 suavitate
697 1327 780 1377 ejus
796 1337 962 1378 gustata,
983 1331 1084 1379 opti-

90 1401 190 1425 mum
208 1387 279 1426 sibi
302 1387 488 1438 judicavit
506 1389 544 1425 in
576 1390 650 1426 hoc
677 1403 826 1439 semper
845 1403 947 1434 esse,
967 1391 1081 1427 vitam

88 1446 184 1484 hanc
198 1447 236 1484 in
253 1447 505 1485 contubernio
523 1449 592 1484 Dei
609 1457 646 1485 et
661 1449 799 1485 civium
812 1462 1081 1498 supernorum,

91 1518 186 1554 quos
206 1519 291 1542 curn
320 1520 365 1543 eo
389 1506 554 1552 viderat,
576 1507 796 1557 concupivit
826 1507 953 1545 dicens
973 1522 981 1544 :
1006 1512 1084 1545 Do-

91 1568 200 1608 mine,
222 1564 354 1601 bonum
378 1575 429 1601 est
447 1579 513 1601 nos
536 1567 596 1601 lu‘c
622 1579 711 1602 esse.
735 1568 774 1602 Si
794 1571 877 1618 visn,
890 1565 1085 1613 faciamus

91 1624 150 1658 lu'c
170 1629 243 1660 tria
270 1624 509 1662 tabernacula
522 1641 535 1670 ,-
561 1625 625 1661 eibi
644 1640 758 1661 unum
770 1653 781 1669 ,
805 1628 928 1671 Moysi
949 1640 1080 1671 mmm,

90 1692 127 1718 ec
139 1684 241 1719 Elioe
255 1697 368 1719 mmm
381 1690 404 1720 ¹.
421 1687 464 1720 In
481 1697 558 1733 quo
579 1685 608 1720 si
631 1684 779 1721 auditus
800 1684 946 1729 suisset,
969 1684 1087 1721 factu-

91 1754 154 1778 rus
170 1743 303 1791 procul
322 1741 439 1779 dubio
459 1751 539 1779 erat
564 1742 807 1792 postmodum
824 1743 895 1779 alia
915 1743 998 1786 tria,
1015 1742 1084 1779 sibi

93 1813 229 1846 unum,
249 1801 392 1839 Jacobo
410 1815 526 1838 unum
540 1831 549 1846 ,
568 1810 605 1838 et
624 1802 760 1839 Joanni
782 1814 911 1838 unum.

145 1860 179 1896 4.
201 1863 288 1897 Post
313 1861 525 1910 passionem
556 1873 646 1896 vero
671 1860 842 1905 Domini,
862 1860 1006 1897 calente
1023 1861 1086 1896 ad-

91 1918 165 1954 huc
187 1918 224 1953 in
253 1918 430 1955 cordibus
456 1919 622 1956 fidelium
654 1919 762 1955 effusi
786 1918 867 1966 ejus
895 1919 1086 1967 sanguinis

94 1975 234 2011 recenti
252 1976 452 2021 memoria,
469 1976 674 2012 solitariam
694 1976 790 2012 hanc
810 1977 922 2012 vitam
946 1977 1086 2025 eligen-

95 2032 212 2079 tibus,
234 2043 494 2083 paupertatem
526 2035 680 2084 spiritus
701 2035 952 2081 sectantibus,
985 2045 1023 2073 et
1048 2037 1085 2072 in

94 2091 351 2141 spiritualibus
369 2094 556 2130 exercitiis
573 2103 608 2130 et
624 2094 661 2130 in
684 2094 1004 2143 contemplatione
1017 2095 1084 2132 Dei

94 2152 232 2200 pingue
248 2152 366 2189 otium
388 2153 507 2190 altero
532 2154 568 2189 in
590 2153 748 2189 alterum
771 2151 999 2198 zelantibus,
1020 2153 1086 2189 de-

93 2218 190 2246 serta
217 2211 358 2259 repleta
380 2219 477 2248 sunt.
507 2215 560 2248 Ex
577 2210 714 2260 quibus
741 2211 897 2260 legimus
926 2212 1085 2258 Paulos,

92 2270 290 2316 Macarios,
315 2271 500 2308 Antonios
516 2300 526 2317 ,
555 2271 753 2316 Arsenios,
774 2279 811 2307 et
832 2271 924 2308 alios
953 2284 1083 2319 quam-

92 2327 218 2376 plures
232 2328 269 2364 in
287 2337 422 2366 sanctae
441 2328 552 2378 hujus
572 2329 870 2366 conversationis
889 2328 1082 2378 republica

92 2388 304 2425 consulares
334 2388 456 2434 viros,
494 2389 641 2438 egregia
677 2389 828 2425 nomina
864 2388 902 2425 in
934 2388 1082 2425 civitate

91 2447 182 2492 Dei,
203 2447 349 2485 nobiles
364 2456 401 2485 et
418 2448 663 2498 triumphales
682 2448 809 2485 titulos
834 2447 1016 2484 habentes
1036 2447 1083 2484 de

92 2504 245 2543 victoria
261 2505 374 2555 hujus
388 2507 512 2544 saeculi
527 2535 536 2552 ,
555 2515 591 2543 et
607 2506 787 2556 principis
802 2505 916 2556 hujus
931 2505 1062 2543 mundi
1073 2535 1082 2551 ‚

1151 1099 1227 1136 est,
1248 1091 1423 1140 angelicae
1445 1091 1575 1127 similis
1597 1090 1765 1140 puritati.
1793 1093 1877 1126 Non
1898 1090 1997 1126 enim
2024 1090 2146 1126 solum

1152 1151 1309 1187 vovistis
1330 1163 1482 1186 omnem
1511 1150 1763 1195 sanctitatem,
1785 1149 1850 1186 sed
1871 1150 1994 1186 omnis
2013 1150 2148 1186 sancti-

1153 1210 1237 1246 tatis
1267 1208 1559 1258 perfectionem,
1585 1217 1622 1245 et
1654 1209 1778 1245 omnis
1812 1209 2148 1245 consummationis

1152 1269 1277 1305 finem.
1302 1272 1384 1306 Non
1401 1277 1457 1305 est
1472 1277 1638 1305 vestrum
1658 1268 1755 1304 circa
1775 1268 1990 1304 communia
2005 1281 2146 1317 praece—

1151 1336 1213 1377 pta
1235 1329 1411 1376 languere
1425 1356 1434 1372 ‚
1457 1341 1578 1376 neque
1597 1328 1669 1363 hoc
1693 1327 1814 1363 solum
1841 1326 2034 1364 attendere
2054 1328 2145 1376 quid

1150 1386 1342 1435 praecipiat
1361 1389 1481 1430 Deus3
1505 1386 1569 1422 sed
1583 1385 1676 1434 quid
1700 1385 1788 1421 velit
1806 1413 1815 1429 ‚
1836 1384 2042 1434 probantes
2061 1399 2146 1435 quae

1150 1445 1196 1481 sit
1212 1445 1386 1481 voluntas
1402 1445 1470 1480 Dei
1491 1444 1609 1488 bona,
1635 1453 1672 1481 et
1696 1443 1949 1493 beneplacens
1964 1472 1974 1489 ,
2001 1453 2038 1480 et
2056 1457 2145 1494 per—

1151 1506 1281 1541 fecta².
1299 1505 1469 1542 Aliorum
1491 1513 1548 1541 est
1566 1504 1667 1540 enim
1687 1507 1767 1540 Deo
1790 1503 1930 1540 servire
1946 1532 1955 1549 ,
1977 1513 2142 1541 vestrum

1149 1564 1353 1600 adhaerere.
1389 1564 1561 1600 Aliorum
1590 1571 1646 1599 est
1676 1567 1797 1599 Deum
1824 1562 1998 1609 credere,
2021 1564 2116 1600 scire
2133 1592 2142 1609 ,

1151 1636 1295 1669 amare,
1317 1624 1481 1659 revereri
1510 1637 1517 1659 :
1550 1631 1714 1659 vestrum
1748 1631 1802 1657 est
1835 1636 1984 1671 sapere,
2007 1624 2145 1660 intelli-

1150 1695 1237 1730 gere
1253 1710 1261 1726 ,
1282 1695 1532 1732 cognoscere,
1564 1682 1648 1718 frui.
1670 1685 1847 1730 Magnum
1875 1690 1930 1718 est
1957 1682 2028 1718 hoc
2042 1711 2053 1727 ,
2080 1697 2144 1718 ar—

1151 1742 1267 1778 duum
1291 1750 1348 1778 est
1380 1742 1463 1778 hoc.
1501 1742 1571 1778 Sed
1602 1742 1844 1790 omnipotens
1871 1749 1907 1776 et
1940 1740 2063 1778 bonus
2090 1751 2145 1778 est

1106 1800 1132 1834 C
1150 1804 1273 1846 Deus,
1294 1801 1359 1849 qui
1389 1801 1426 1836 in
1449 1800 1556 1837 vobis
1585 1809 1641 1837 est
1668 1801 1753 1850 pius
1782 1801 2002 1849 promissor,
2026 1801 2147 1837 fidelis

1153 1858 1334 1902 redditor,
1360 1867 1396 1894 et
1411 1858 1619 1895 indefessus
1635 1859 1803 1907 adjutor;
1823 1859 1887 1907 qui
1909 1871 2044 1907 magno
2065 1859 2147 1908 ejus

1151 1930 1278 1953 amore
1310 1930 1444 1965 magna
1478 1916 1764 1966 profitentibus,
1795 1925 1831 1953 et
1860 1918 1897 1953 in
1930 1918 2001 1954 fide
2021 1927 2058 1954 et
2079 1932 2144 1968 spe

1152 1976 1279 2023 gratiae
1299 1975 1380 2023 ejus
1402 1975 1542 2024 majora
1564 1975 1707 2012 viribus
1722 1978 1798 2012 suis
1817 1976 2121 2026 aggredientibus
2134 2007 2143 2021 ‚

1153 2044 1189 2071 et
1221 2035 1454 2071 voluntatem
1493 2043 1530 2070 et
1561 2034 1788 2071 desiderium
1822 2037 1986 2083 suggerit
2032 2037 2069 2072 in
2108 2038 2144 2073 id

1153 2094 1298 2143 ipsum,
1328 2102 1364 2130 et
1385 2094 1450 2142 qui
1471 2095 1676 2130 voluntatis
1707 2094 1860 2142 gratiam
1892 2097 2146 2144 praerogax·it;

1152 2151 1369 2201 subrogavit
1397 2153 1508 2188 etiam
1538 2153 1714 2188 virtutem
1735 2152 1780 2188 ad
1804 2162 2041 2201 proventum.
2076 2157 2142 2191 Cui

1152 2224 1234 2247 cum
1267 2211 1426 2248 fideliter
1451 2212 1578 2248 fecerit
1609 2212 1723 2248 homo
1742 2212 1844 2260 quod
1869 2213 2058 2261 potuerit,
2081 2228 2144 2250 ca-

1151 2271 1360 2307 lumniante
1393 2271 1664 2306 calumniatore
1683 2298 1693 2315 ,
1736 2270 1814 2318 ipse
1857 2271 2147 2310 misericorditer

1149 2331 1307 2380 pauperi
1335 2342 1403 2367 suo
1433 2329 1617 2378 judicium
1651 2330 1757 2366 faciet
1793 2338 1830 2365 et
1862 2343 2035 2376 causam,
2058 2333 2146 2381 quia

1148 2389 1252 2438 quod
1269 2388 1399 2426 habuit
1415 2389 1486 2425 hoc.
1507 2389 1604 2425 fecit.

1201 2451 1236 2484 6.
1258 2447 1367 2486 Absit
1384 2456 1507 2485 tamen
1521 2476 1530 2493 ,
1555 2448 1707 2491 fratres,
1727 2461 1747 2483 a
1765 2449 2001 2484 conscientiae
2012 2458 2145 2486 vestra²

1149 2506 1418 2551 aestimatione‚
1440 2521 1461 2543 a
1488 2507 1672 2556 parvitate
1700 2515 1735 2542 et
1766 2506 1974 2544 humilitate
1994 2517 2118 2546 vestra
2133 2538 2141 2552 ,

91 2571 127 2599 et
142 2565 311 2614 corporis
330 2565 386 2602 sui
399 2593 408 2610 ‚
430 2565 476 2601 de
498 2566 599 2602 cultu
615 2565 753 2610 animi,
781 2574 817 2601 et
838 2565 988 2602 Domini
1012 2566 1080 2603 Dei
1098 2569 1129 2603 D
1147 2574 1184 2602 et
1199 2565 1246 2602 ab
1267 2579 1332 2602 ore
1351 2574 1475 2602 vestro
1492 2566 1614 2602 omnis
1633 2565 1791 2602 altitudo
1814 2581 1821 2601 ε
1843 2567 1930 2614 qnia
1949 2567 2065 2603 altum
2086 2581 2144 2604 sa-

91 2619 162 2658 sut.
184 2623 322 2660 Sileant
349 2636 437 2674 ergo
467 2625 532 2673 qni
559 2625 598 2661 in
626 2623 790 2661 tenebris
809 2624 855 2660 de
875 2625 957 2661 luce
976 2624 1081 2673 judi-

90 2690 237 2728 cantes,
269 2696 338 2720 vos
374 2692 536 2733 arguunt
569 2684 745 2720 novitatis
780 2697 827 2721 ex
853 2683 1081 2721 abundantia

92 2741 196 2777 malae
212 2742 414 2780 voluntatis
432 2759 439 2779 :
457 2743 528 2793 ipsi
549 2744 672 2793 potius
691 2744 870 2794 arguendi
890 2744 1082 2781 vetustatis

93 2808 129 2835 et
150 2800 337 2838 vanitatis.
369 2802 440 2838 Sed
474 2811 512 2839 et
546 2803 758 2840 laudatores
791 2812 827 2840 et
855 2803 1083 2840 detractores

94 2871 241 2907 semper
256 2860 342 2896 estis
359 2859 542 2908 habituri,
569 2862 663 2898 sicut
692 2871 729 2899 et
759 2863 956 2900 Dominus.
986 2867 1084 2899 Lau-

93 2916 243 2953 datores
277 2919 489 2967 praeterite3
522 2928 557 2956 et
591 2919 731 2957 bonum
766 2921 867 2970 quod
903 2921 940 2957 in
976 2920 1084 2956 vobis

93 2984 241 3020 amant,
262 2977 331 3013 hoc
353 2978 390 3013 in
413 2978 466 3015 eis
492 2988 611 3016 amate
631 2994 638 3015 :
659 2981 889 3016 detractores
905 2980 1083 3016 dissimu-

96 3034 185 3078 late,
207 3043 243 3071 et
268 3049 337 3084 pro
353 3037 405 3073 eis
421 3046 541 3074 orate.
566 3042 609 3075 Et
626 3038 733 3075 obliti
751 3052 835 3087 quae
857 3048 956 3076 retro
974 3046 1083 3083 sunt,

96 3095 351 3142 praetermissis
371 3097 572 3142 scandalis,
600 3110 683 3146 quae
708 3097 815 3146 juxta
837 3098 908 3134 iter
928 3096 1036 3133 vobis
1066 3110 1085 3133 a

95 3152 236 3189 dextris
257 3162 291 3189 ct
313 3168 333 3190 a
359 3155 517 3193 sinistris
543 3157 663 3205 posita
689 3165 798 3200 sunt,
829 3158 863 3192 in
897 3157 1084 3193 anteriora

148 3283 152 3295 ¹
180 3277 289 3308 wanti.
309 3290 396 3313 xvn.
425 3283 505 3311 'affi—
525 3290 534 3301 ¹
558 3285 646 3312 nom.
665 3294 727 3316 xii,
748 3286 778 3311 9..

1148 2637 1237 2673 pere
1259 2637 1361 2661 mors
1380 2633 1454 2668 est;
1479 2632 1515 2659 et
1537 2624 1642 2660 facile
1666 2624 1774 2659 estin
1799 2624 1872 2659 alto
1892 2636 1931 2660 se
1954 2634 2144 2662 contuen—

1149 2691 1221 2719 tem
1239 2682 1522 2732 obstupescere,
1543 2690 1580 2717 et
1597 2681 1642 2718 de
1661 2682 1735 2717 vita
1758 2682 1975 2730 periclitari.
1994 2687 2140 2720 Nomen

1147 2742 1249 2779 aliud
1271 2751 1404 2778 vestrae
1434 2742 1658 2791 professioni
1683 2742 1888 2790 imponite,
1910 2742 2023 2779 alium
2051 2744 2143 2780 titu-

1150 2802 1225 2837 lum
1248 2801 1380 2838 Ordini
1397 2799 1414 2822 ¹)

1151 2861 1372 2905 indomitas,
1415 2869 1450 2896 et
1485 2861 1695 2897 incaveatas
1726 2860 1862 2897 bestias
1894 2873 1902 2909 -Jx
1921 2875 2004 2909 quae
2036 2863 2145 2899 aliter

1151 2921 1341 2956 communi
1360 2920 1553 2956 hominum
1573 2933 1677 2956 more
1695 2920 1840 2956 domari
1856 2933 1931 2956 non
1950 2924 2143 2969 poterant)

1151 2980 1360 3016 existimate
1381 2988 1416 3014 ‹·t
1438 2979 1647 3028 appellate;
1665 2979 1776 3027 longe
1797 2992 1908 3028 supra
1931 2992 1997 3015 vos
2022 2981 2144 3017 virtu-

1155 3047 1226 3075 tem
1241 3053 1372 3075 eorum
1391 3039 1637 3088 suspicientes
1650 3066 1659 3083 ‚
1678 3046 1713 3074 ct
1727 3039 1956 3075 admirantes
1969 3039 2142 3088 gloriam,

1152 3098 1217 3147 qni
1236 3097 1459 3133 ambidextri
1477 3097 1668 3133 fortissimi
1686 3097 1802 3145 (sicut
1821 3097 1930 3133 Aliud
1949 3098 2009 3132 ille
2025 3097 2144 3145 judex

1154 3157 1377 3192 fortissimus
1397 3157 1529 3201 lsrael,
1553 3156 1615 3204 qni
1642 3164 1800 3204 utraque
1832 3169 1943 3191 mann
1969 3156 2145 3191 utebatur

1435 2809 1559 2836 vestro
1580 2799 1784 2836 inscribite.
1808 2804 1914 2837 Feras
1930 2814 1998 2837 vos
2020 2804 2144 2852 potius

1222 3285 1233 3297 '⁸
1252 3282 1332 3312 Alias
1348 3306 1354 3314 ,
1372 3282 1535 3324 J‘e'l'seslio.
1552 3293 1575 3318 ‘j'
1653 3282 1666 3299 ¹'
1689 3281 1769 3309 Xlias
1785 3304 1790 3310 ,
1808 3291 1903 3321 osu-rt,
1920 3281 1933 3294 ·'
