2504 3928
368 219 461 253 1212)

1152 215 1213 250 OG
1223 215 1319 249 1⁴]Rll
1349 216 1509 249 stium)
1539 217 1602 249 vll

360 296 490 330 deliret
513 298 629 330 Deum
652 302 686 328 οι
709 292 907 327 hominem.
934 293 975 325 tit
996 290 1065 324 lioe
1083 298 1137 325 cst
1156 290 1257 338 qnod
1282 290 1375 325 ‹li-“³⁸

2295 213 2393 249 1220

1384 294 1396 306 ‘¹
1410 305 1516 325 ‹mn-u
1533 289 1756 337 ingeminat,
1783 296 1822 323 ut
1844 286 1946 336 qnod
1974 286 2063 322 dicit
2085 287 2207 324 verius
2224 288 2392 324 aslirniet.

361 355 403 389 cii
420 383 427 393 ,
454 356 568 388 Νι-ιηυ
592 357 688 386 mvii!
707 351 759 386 ad
787 351 933 384 Patrem
962 352 1032 382 niu·
1054 361 1127 395 per
1154 362 1211 383 υιι·
1227 363 1236 382 .·
1253 363 1294 384 ae
1311 350 1339 384 si
1361 354 1390 384 Α
1410 354 1525 385 Amen
1551 347 1738 383 luein-:eum
1759 354 1832 389 est,
1855 346 1944 381 etin
1972 358 2010 381 50
2027 346 2193 381 continet
2215 346 2393 394 quasdam

360 413 496 447 diceret
511 441 519 455 ,
541 415 658 447 Mino
674 409 775 445 venit
796 407 841 444 ad
863 420 920 443 me
942 410 1080 452 Deum,
1104 406 1172 442 nisi
1198 420 1266 456 per
1287 420 1344 442 me

361 471 547 505 hominem
564 498 572 513 ‚
597 469 785 504 bominem
807 481 827 502 a
847 464 971 502 Verbo
991 474 1247 514 assumptum;
1279 478 1344 501 ne-

361 542 420 564 mo
450 530 551 564 venit
579 527 624 563 ad
660 530 828 568 Patrem,
867 524 935 560 nisi
967 537 1034 572 per
1064 536 1143 569 me,
1173 525 1236 572 qui
1264 537 1343 559 suni

360 586 472 620 homo
488 594 523 620 et
545 597 642 620 unns
664 587 765 619 Deus
784 594 868 617 eum
887 584 1005 617 Patre.

412 645 444 679 3.
469 643 575 680 Unde
591 642 759 691 seqnitur
775 655 781 676 :
800 644 838 675 Sl
856 644 1107 688 cognovissetis
1125 653 1200 683 me,
1217 649 1250 674 1¹!
1267 642 1345 675 Pa-

359 712 446 737 {rem
473 716 592 737 nevum
613 712 736 748 utrque:
765 703 1041 747 cognovissetis;
1063 708 1098 734 et
1127 701 1260 733 amodo
1287 713 1346 733 co-

355 766 534 807 gntus-cecis
558 774 652 804 eum,
674 769 710 795 et
739 762 884 794 vidistis
908 771 1001 792 etun.
1025 757 1062 793 Si
1076 757 1346 805 cognovissetis

361 833 418 855 ine
431 819 527 855 idem
539 831 618 855 esse
629 831 712 854 cuin
726 820 845 860 Patre,
864 815 991 863 utique
1006 822 1043 850 et
1058 818 1202 851 Patrem
1221 827 1344 850 meum

359 878 645 927 cognovissetis,
674 877 761 925 quia
781 887 848 923 ego
866 882 903 910 et
922 877 1031 910 Pater
1050 885 1165 908 unuin
1187 885 1314 908 sumus
1336 887 1342 907 ε

359 947 395 973 et
412 951 478 987 per
495 951 553 973 me
570 936 760 985 cognitum
782 932 1012 982 cognoscetis
1028 944 1112 967 enin
1125 959 1134 975 ,
1152 939 1188 966 et
1203 930 1345 967 vidistis

359 1010 443 1033 enin
461 997 598 1044 eorde,
619 996 707 1031 dum
732 1006 789 1029 mc
816 992 848 1028 ei
869 1004 935 1042 per
956 991 1080 1026 onmia
1103 990 1260 1026 similem
1290 990 1346 1025 vi·-

1411 407 1697 456 significationes
1731 405 1906 441 diversas.
1943 409 2059 441 Amen
2095 404 2230 441 dicitur
2261 405 2394 441 adver—

1411 467 1513 502 bium
1533 463 1740 502 al'lirmandi
1754 492 1763 508 ,
1784 472 1821 499 et
1843 463 2060 499 adverbium
2083 462 2257 512 optandi,
2277 471 2317 499 ut
2337 463 2395 499 liic

1412 538 1494 560 rum
1513 524 1660 567 dieitur,
1677 527 1755 559 lloc
1773 521 1914 558 bonum
1931 520 1996 557 tibi
2012 523 2222 570 contingat3
2243 534 2392 570 respon-

1412 583 1533 627 detur,
1553 589 1684 619 Amen.
1708 584 1752 617 Et
1771 581 1807 616 in
1826 580 1898 616 line
1916 579 2126 616 orationum
2143 592 2226 616 cuni
2246 579 2395 624 dicitur,

1414 645 1481 677 l‘er
1518 641 1643 677 onmia
1678 640 1809 676 saecula
1842 639 2087 684 saeculorum,
2122 637 2370 687 respondetur
2386 666 2396 682 ‚

1413 706 1530 737 Amen
1553 715 1559 735 ε
1581 708 1617 735 et
1636 707 1691 735 est
1711 711 1841 735 sensus
1856 726 1866 743 ‚
1889 697 1998 745 Quod
2033 710 2140 746 rogas
2170 697 2372 733 Dominum
2386 725 2396 741 ,

1414 760 1484 795 lioc
1513 767 1700 808 optamus.
1735 756 1966 794 Adverbium
1997 756 2230 800 affirmandi,
2255 763 2295 792 ut
2317 755 2396 799 hic,

1411 825 1530 855 Amen
1552 819 1634 854 dieo
1659 817 1749 863 tibi,
1775 817 1906 861 idest,
1937 817 1974 852 in
1999 816 2155 853 veritate
2191 815 2276 851 dico
2309 813 2393 850 tibi.

1412 882 1502 914 Cum
1521 891 1611 913 vero
1629 876 1855 925 geminatur,
1878 875 1992 924 inagis
2011 874 2112 923 quod
2136 874 2273 910 dieitur
2299 873 2398 909 al'lir-

1413 945 1542 972 matur.
1568 940 1702 979 Amen,
1721 948 1829 970 amen
1845 947 1866 970 a
1883 934 2045 970 Domino
2062 932 2213 977 dicitur,
2236 940 2275 968 ut
2294 931 2397 980 qnod

1411 995 1520 1040 (licit,
1553 1007 1631 1031 esse
1657 1006 1788 1030 verum
1826 992 1906 1030 sine
1938 991 2169 1028 dubitatione
2210 990 2396 1027 credatur.

359 1055 476 1092 distis.
499 1056 690 1104 Philippus
708 1065 798 1088 vero
820 1063 896 1086 non
915 1049 1126 1098 intelligens
1146 1049 1250 1084 illum
1269 1061 1350 1084 ουν
1368 1056 1392 1089 Β
1413 1057 1559 1090 Poterat
1575 1054 1672 1089 enim
1689 1052 1789 1088 credi
1807 1065 1874 1088 suo
1891 1051 2050 1100 simplici
2066 1050 2183 1086 verbo
2203 1065 2211 1086 :
2230 1049 2294 1086 sed
2309 1050 2396 1099 quia

361 1115 451 1150 nino
477 1114 705 1151 simillimum
734 1124 812 1147 esse
841 1109 962 1154 Patri,
986 1108 1124 1144 dicitei
1149 1121 1155 1143 :
1186 1109 1346 1143 Ostende

360 1174 462 1209 nobis
485 1176 646 1216 Patrem,
668 1180 702 1206 ct
723 1172 853 1214 suffi'cit
869 1167 986 1202 nolus.
1008 1169 1120 1202 Erant
1137 1166 1288 1215 quidam
1307 1166 1346 1202 il-

362 1235 503 1276 lorum,
526 1233 590 1281 qui
613 1244 687 1267 non
706 1228 888 1279 putabant
908 1227 1042 1264 Filium
1071 1240 1117 1262 ex
1143 1234 1221 1262 toto
1243 1227 1347 1262 simi-

361 1293 431 1328 lem
456 1292 572 1333 Patri,
595 1290 659 1326 sed
683 1293 826 1325 Patrem
852 1286 1031 1334 majorem
1059 1294 1096 1321 et
1127 1285 1345 1328 meliore1n3

360 1360 395 1387 et
417 1352 465 1387 ita
493 1363 560 1386 nec
588 1353 753 1391 Patrem,
778 1359 846 1382 nec
874 1345 1008 1381 Filium
1037 1342 1227 1379 sciebant:
1248 1356 1346 1390 quo-

363 1422 443 1446 run]
466 1420 562 1444 unus
580 1415 660 1443 erat
685 1405 901 1453 Philippus;
931 1402 1016 1438 ideo
1047 1401 1157 1446 dicit,
1187 1403 1348 1436 Ostende

361 1467 461 1502 nobis
489 1468 662 1508 Putrem,
691 1463 756 1512 qui
785 1460 905 1508 major
936 1468 970 1496 te
990 1469 1067 1504 est,
1090 1459 1125 1494 in
1144 1472 1220 1507 quo
1244 1460 1346 1495 sulli-

359 1526 492 1561 cientia
513 1532 589 1569 est,
615 1531 651 1559 et
671 1534 747 1558 non
767 1521 804 1556 in
827 1528 874 1555 te.
897 1518 1007 1556 Unde
1028 1518 1227 1566 increpans
1242 1521 1347 1554 Jesus

359 1584 463 1620 illum
481 1596 549 1619 nec
568 1582 679 1618 etiam
700 1579 833 1617 Filium
854 1577 947 1613 scire
967 1576 1038 1621 ait,
1060 1576 1212 1612 dicens:
1235 1578 1348 1611 Tamo

360 1653 521 1690 tempore
547 1640 735 1677 vobiscum
757 1650 835 1673 sum
851 1663 861 1680 ‚
882 1645 916 1671 el
935 1649 1006 1670 non
1026 1639 1241 1683 cognovistis
1260 1648 1317 1670 me
1329 1637 1348 1670 Ρ

361 1706 454 1738 Vere
486 1714 563 1737 non
598 1712 656 1735 me
682 1696 859 1741 novistis,
881 1694 969 1743 quia
997 1693 1026 1730 si
1049 1707 1106 1730 me
1128 1694 1345 1738 novissetis,

360 1766 396 1797 et
425 1765 569 1797 Patrem
601 1756 810 1795 novissetis.
838 1755 974 1792 Filium
1008 1766 1085 1788 non
1122 1753 1251 1798 novit,
1284 1753 1349 1802 qui

1412 1113 1582 1161 discipuli
1608 1112 1688 1160 ejus
1710 1111 1832 1148 adliuc
1859 1111 1997 1147 inlirmi
2017 1118 2125 1146 crant
2141 1117 2177 1145 et
2195 1108 2400 1145 imbecilles

1412 1173 1448 1207 in
1471 1172 1541 1207 lide
1564 1185 1647 1220 quae
1669 1184 1736 1220 per
1756 1170 1992 1206 dilectionem
2011 1177 2201 1219 operatur,
2221 1181 2294 1204 non
2313 1181 2397 1204 cre-

1413 1231 1540 1267 dentes
1559 1230 1661 1279 qnod
1682 1243 1793 1266 unam
1814 1238 1851 1265 et
1870 1229 2038 1265 eamdem
2062 1227 2216 1264 haberet
2233 1235 2396 1277 potesta-

1414 1297 1485 1324 tem
1506 1302 1588 1324 cuin
1608 1292 1736 1333 l‘atre;
1759 1288 1845 1324 inde
1862 1287 1909 1323 ab
1929 1301 1974 1323 eo
1992 1290 2110 1322 Amen
2127 1286 2396 1335 ingeminatur,

1413 1355 1453 1382 ut
1483 1347 1584 1395 quod
1614 1347 1820 1395 promittit,
1844 1347 1946 1382 nulla
1973 1345 2162 1382 dubietate
2190 1346 2396 1394 frangatur.

1412 1409 1546 1449 Amen,
1564 1417 1672 1439 umen
1695 1407 1775 1438 (lico
1797 1403 1913 1447 vobis,
1933 1404 1970 1439 id
1987 1412 2066 1449 est,
2083 1404 2121 1439 in
2142 1404 2296 1440 veritate
2315 1403 2400 1439 (lico

1415 1462 1519 1499 vobis
1537 1491 1545 1507 ‚
1566 1467 1630 1510 qui
1662 1464 1775 1497 credit
1805 1467 1841 1497 in
1875 1476 1944 1505 me,
1978 1462 2048 1497 hoc
2075 1470 2150 1507 est,
2171 1473 2251 1497 csse
2284 1473 2400 1496 unum

1414 1524 1534 1557 Deum
1551 1534 1635 1557 cum
1654 1524 1780 1565 Patre,
1803 1520 2021 1557 venerando
2033 1528 2070 1557 et
2086 1519 2246 1556 amando
2258 1547 2268 1565 ,
2287 1533 2401 1568 opera

1414 1594 1498 1628 (luce
1518 1593 1583 1628 ego
1592 1578 1699 1626 facio
1717 1588 1752 1615 et
1770 1581 1846 1627 ipse
1865 1579 2000 1626 saciet,
2028 1579 2066 1615 id
2088 1587 2164 1625 est,
2184 1591 2298 1628 opera
2317 1591 2403 1628 quae

1415 1652 1483 1689 per
1503 1653 1560 1676 me
1581 1639 1675 1675 l'acio
1690 1667 1699 1683 ‚
1725 1647 1855 1689 postea
1883 1639 2012 1675 faciam
2037 1651 2103 1688 per
2126 1651 2212 1675 eum
2238 1653 2246 1674 ι
2267 1647 2303 1673 et
2321 1651 2402 1673 ma—

1408 1704 1498 1745 jora
1518 1700 1645 1734 horum
1654 1698 1796 1745 fc1ciec;
1815 1711 1884 1747 ego
1905 1697 2086 1746 siquidem
2108 1710 2176 1746 per
2190 1709 2299 1743 eum;
2317 1700 2401 1744 quio

1415 1761 1468 1793 ml
1486 1761 1637 1794 Putrem
1658 1760 1769 1793 vaslo.
1791 1757 1848 1794 Ad
1875 1758 1977 1793 illum
2010 1757 2132 1803 vadit,
2154 1769 2174 1792 a
2201 1770 2278 1806 quo
2306 1769 2401 1792 nun-

363 1824 505 1857 Pssll't'm
536 1819 730 1856 meliorem
755 1814 915 1852 credidit
936 1829 945 1850 ζ
969 1826 1045 1849 non
1073 1813 1160 1861 (lma
1188 1813 1281 1848 allus
1306 1813 1351 1848 Slt
1371 1822 1396 1856 (J
1416 1831 1527 1866 quan]
1549 1817 1698 1853 recessit
1719 1816 1925 1853 secundun]
1946 1816 2191 1852 lelnltatem.

363 1884 483 1923 Pater,
507 1879 599 1915 alius
617 1878 662 1914 sit
681 1876 816 1920 Filius,
838 1873 902 1911 sed
922 1873 1010 1921 quia
1029 1872 1185 1907 omnino
1207 1871 1353 1907 similis.

364 1942 408 1975 Et
436 1938 519 1974 ideo
551 1937 638 1986 quia
658 1935 813 1971 omnino
844 1932 974 1969 similis
1004 1939 1060 1967 est
1086 1930 1199 1967 Filius
1227 1930 1351 1973 Patri,

363 1998 531 2047 seqnitur
550 2006 586 2032 et
605 1996 694 2032 dicit
713 2009 720 2030 ι
741 1995 924 2040 Philippe,
947 1996 1010 2038 qui
1030 1992 1130 2026 virle!
1147 2004 1204 2025 me
1217 2017 1225 2032 ‚
1255 1991 1355 2025 videt

364 2066 398 2091 rt
428 2057 590 2090 Patrem.
629 2053 821 2099 Quomodo
847 2059 884 2085 ιιι
918 2050 1022 2090 (licis,
1063 2049 1222 2082 Ostende
1249 2046 1352 2081 nobis

364 2117 547 2150 Patrem?
565 2116 654 2151 Cum
682 2110 837 2147 omnino
859 2108 989 2145 similis
1014 2107 1082 2143 sim
1105 2106 1203 2143 Patri
1221 2133 1229 2150 ,
1251 2118 1348 2153 quo-

367 2174 478 2210 modo
500 2181 537 2209 tu
555 2173 646 2208 dieis
659 2199 668 2216 ‚
696 2171 854 2206 Ostende
871 2167 972 2203 nobis
987 2170 1153 2210 Patrem,
1173 2175 1207 2200 et
1220 2166 1350 2209 suffieit

365 2231 494 2267 nobis?
509 2230 626 2267 Video
643 2242 719 2277 quo
737 2227 863 2264 animo
879 2226 969 2262 dicis
988 2239 995 2260 ε
1016 2237 1092 2261 non
1108 2224 1244 2273 quaeris
1260 2224 1352 2259 alte-

368 2303 449 2326 rum
469 2291 645 2333 similem,
663 2287 726 2325 sed
746 2294 854 2336 putas
876 2285 1082 2321 meliorem.
1108 2286 1182 2320 Cur
1202 2283 1353 2331 insepa-

368 2349 502 2385 rabiles
519 2347 717 2397 separatim
739 2345 792 2380 vis
813 2345 990 2380 noscere?
1013 2344 1095 2377 Non
1118 2344 1233 2377 credis
1260 2345 1350 2388 qaia

368 2422 433 2455 ego
449 2413 484 2443 in
502 2409 614 2442 Palm:
631 2414 666 2440 et
680 2407 794 2440 Pater
811 2408 847 2438 in
865 2416 922 2437 me
935 2404 1010 2436 est?
1024 2400 1134 2447 Quod
1151 2412 1226 2435 non
1246 2408 1352 2448 potes

369 2480 384 2500 x
397 2466 496 2501 idere
511 2493 520 2509 ,
539 2465 596 2500 vel
615 2464 742 2499 saltem
760 2461 882 2496 crede.
905 2459 1022 2495 Verba
1042 2472 1129 2506 (μαι)
1145 2472 1210 2505 ego
1227 2461 1354 2504 loquor

370 2525 486 2567 vobis,
504 2538 527 2559 a
547 2537 603 2558 me
619 2528 696 2570 ipso
712 2534 783 2556 nou
801 2523 940 2567 loquor,
959 2519 1047 2567 quia
1063 2530 1137 2553 non
1154 2530 1232 2553 sum
1255 2530 1275 2552 a
1296 2530 1352 2552 me

1471 1879 1505 1914 5.
1537 1876 1690 1925 Majoris
1716 1876 1838 1912 meriti
1863 1884 1919 1911 est
1941 1875 2093 1911 credere
2113 1887 2214 1911 nunc
2234 1875 2271 1910 in
2295 1887 2401 1919 eum,

1418 1937 1505 1985 quia
1531 1949 1617 1971 cum
1638 1948 1714 1971 non
1749 1935 1943 1978 videmus,
1965 1946 2076 1982 quam
2114 1934 2143 1969 si
2176 1945 2262 1968 eum
2289 1932 2399 1969 vide—

1420 2008 1556 2031 remus.
1575 1998 1776 2043 Postquam
1800 1992 1966 2030 ascendit
1985 1992 2030 2028 ad
2058 1995 2219 2036 Patrem,
2234 2003 2302 2040 per
2317 2003 2403 2027 eum

1421 2052 1564 2101 majora
1585 2053 1678 2088 facta
1701 2060 1787 2089 sunt
1809 2051 2006 2096 miracula,
2024 2063 2137 2099 quam
2157 2062 2200 2086 ea
2216 2061 2299 2098 quae
2321 2049 2406 2086 fecit

1418 2111 1454 2147 in
1481 2124 1643 2160 persona
1667 2123 1745 2147 sua.
1774 2110 1831 2147 Ad
1852 2118 1989 2145 tactum
2018 2107 2174 2144 fimbriae
2194 2107 2405 2144 vestimenti

1415 2171 1507 2219 ejus,
1529 2183 1601 2206 una
1633 2179 1775 2206 tantum
1806 2170 1940 2205 mulier
1967 2169 2111 2204 fluxum
2129 2166 2319 2216 sanguinis
2340 2179 2407 2216 pa·

1419 2231 1513 2266 tiens
1533 2229 1693 2265 refertur
1708 2242 1787 2265 esse
1805 2235 1954 2265 sanata¹
1976 2243 1983 2263 :
2010 2236 2207 2277 postquam
2226 2239 2316 2264 vero
2332 2240 2408 2263 coe-

1421 2290 1475 2325 los
1508 2289 1697 2334 ascendit,
1726 2287 1859 2324 umbra
1890 2288 1987 2325 Petri
2016 2286 2218 2323 nonnullos
2237 2285 2284 2322 ab
2304 2286 2407 2322 omni

1418 2348 1596 2397 languore
1625 2348 1768 2383 curavit
1784 2354 1809 2382 ².
1839 2346 1980 2394 Majora
2002 2345 2177 2381 miracula
2196 2352 2250 2380 est
2269 2357 2407 2393 opera-

1420 2415 1475 2442 tus
1506 2419 1572 2455 per
1599 2410 1769 2451 Petrum,
1789 2419 1901 2454 quam
1931 2405 2059 2441 fecerit
2078 2405 2170 2452 ipse.
2197 2408 2408 2452 Antequam

1418 2464 1634 2500 ascenderet
1653 2464 1690 2500 in
1711 2465 1844 2500 coelum
1859 2492 1868 2508 ,
1891 2463 1999 2511 pauci
2017 2476 2084 2511 per
2102 2462 2407 2511 praedicationem

1419 2536 1521 2558 suain
1547 2530 1633 2558 sunt
1665 2523 1837 2559 conversi
1868 2522 1914 2558 ad
1936 2525 2056 2557 Deum
2083 2535 2091 2556 :
2117 2520 2181 2557 sed
2210 2529 2408 2569 postquam

373 2584 453 2633 ipso
478 2582 542 2631 qui
564 2582 700 2629 loquor
721 2595 728 2615 2
750 2579 783 2615 ei
801 2577 966 2614 retribuo
983 2590 1064 2625 quae
1083 2576 1176 2612 sileiO
1189 2604 1198 2621 ‚
1216 2575 1262 2611 de
1279 2589 1354 2623 (1¹¹0
1375 2586 1406 2619 D
1425 2581 1590 2618 ascendit
1618 2582 1655 2616 in
1684 2583 1839 2626 coelum,
1864 2593 1937 2616 una
1957 2580 2016 2615 die
2036 2579 2203 2628 quinque
2221 2579 2336 2614 millia
2349 2607 2358 2624 ,
2375 2587 2411 2614 ct

374 2643 450 2690 ipsc
478 2653 558 2676 sum
582 2640 646 2688 qui
669 2639 776 2674 facio.
809 2640 922 2673 Pater
948 2641 985 2670 in
1016 2649 1074 2670 me
1104 2647 1257 2669 maneus
1287 2638 1362 2680 ipse

365 2700 463 2746 socie
481 2713 607 2746 opera,
626 2699 723 2733 inter
741 2710 823 2745 quae
841 2703 927 2731 sunt
942 2693 1057 2730 verba
1069 2722 1078 2739 ,
1094 2694 1156 2729 illa
1169 2706 1251 2742 quae
1265 2692 1363 2728 bona

374 2768 459 2795 sunt
493 2771 632 2807 opera,
667 2770 749 2792 rum
786 2756 947 2803 aliquem
977 2753 1179 2798 aedificant,
1211 2760 1247 2788 et
1279 2764 1362 2788 cum

377 2823 485 2855 Pater
510 2819 544 2853 in
567 2831 625 2853 ine
647 2817 754 2851 saciat
774 2828 887 2863 opera
902 2843 910 2859 ‚
933 2815 1016 2849 Non
1044 2814 1158 2847 credis
1182 2815 1270 2858 quia
1299 2824 1363 2858 ego

376 2883 411 2911 iu
428 2880 542 2911 Pata?
557 2885 590 2910 (Ἰ
607 2878 720 2911 Palm·
737 2879 772 2908 in
797 2888 853 2907 nn:
872 2882 923 2908 est
936 2875 954 2907 .³
978 2872 1015 2907 Si
1043 2872 1143 2907 enim
1168 2871 1363 2919 separatim

377 2948 542 2971 essemus
559 2962 567 2978 ‚
595 2934 698 2970 nullo
739 2932 851 2967 modo
888 2929 1186 2979 inseparabiliter
1219 2928 1364 2977 operari

380 3006 585 3041 possemus.

432 3053 465 3087 si.
489 3055 607 3086 Amen
620 3079 628 3095 ,
652 3063 760 3084 (lmen
779 3051 858 3083 dico
874 3047 990 3091 vobis,
1010 3050 1074 3094 qui
1093 3049 1207 3081 cruam
1228 3051 1266 3081 iu
1286 3059 1363 3089 me,

381 3124 492 3157 osnsm
517 3123 602 3156 quw
630 3123 696 3154 ego
712 3107 830 3154 facio,
858 3115 891 3141 et
913 3111 990 3153 ipse
1012 3104 1143 3152 faciet,
1167 3114 1200 3140 et
1222 3109 1367 3150 majora

382 3172 505 3204 suarum
517 3168 636 3214 jot-{et
658 3182 667 3201 s
687 3171 775 3214 qnia
793 3180 857 3212 rgo
875 3167 926 3200 ad
939 3166 1088 3199 Putrem
1106 3166 1216 3199 vado.
1235 3167 1368 3206 Amen,

1427 2640 1496 2675 alia
1525 2638 1583 2674 die
1617 2639 1684 2674 tria
1711 2639 1824 2675 millia
1845 2638 1891 2674 ad
1912 2636 2217 2686 praedicationem
2246 2635 2345 2672 Petri
2364 2635 2411 2671 ad

1427 2697 1630 2734 Dominum
1678 2698 1892 2733 reseruntur
1940 2695 2112 2731 conversi
2132 2693 2156 2729 3.
2199 2699 2411 2743 Antequam

1429 2756 1648 2792 ascenderet
1681 2757 1718 2792 in
1750 2757 1904 2800 coelum,
1937 2763 2049 2791 notus
2085 2762 2227 2790 tantum
2265 2761 2344 2789 erat
2376 2753 2412 2788 in

1430 2815 1558 2852 Judaea
1587 2829 1593 2849 :
1625 2824 1662 2851 at
1692 2824 1891 2865 postquam
1923 2813 2088 2850 ascendit
2113 2813 2248 2858 coelos,
2279 2824 2316 2848 se
2347 2825 2414 2861 per

1430 2874 1632 2923 Apostolos
1653 2887 1738 2910 suos
1753 2874 1830 2923 jam
1860 2873 1926 2909 toti
1953 2871 2096 2908 mundo
2115 2872 2349 2907 innotescere
2366 2870 2415 2905 se-

1432 2934 1502 2977 cit;
1521 2933 1608 2980 quia
1628 2934 1663 2968 in
1681 2946 1830 2969 omnem
1850 2941 1983 2968 terram
2000 2930 2115 2966 exivit
2135 2941 2249 2965 sonus
2265 2940 2413 2971 eorum,

1433 3001 1469 3027 et
1489 2993 1525 3027 in
1548 2994 1639 3028 lines
1659 2992 1762 3028 orbis
1782 3002 1889 3028 terrae
1909 2990 2022 3027 verba
2042 3001 2173 3025 eorum
2191 2989 2218 3022 ⁴⁶.
2240 2991 2282 3024 ln
2303 2999 2416 3023 mun-

1433 3051 1521 3086 dum
1542 3052 1643 3086 venit
1660 3079 1669 3095 ‚
1688 3060 1724 3087 et
1744 3051 1906 3087 mundus
1925 3062 2009 3085 euni
2031 3060 2107 3083 non
2128 3045 2305 3095 cognovit
2323 3059 2331 3080 :
2352 3044 2415 3080 sed

1433 3118 1630 3158 postquam
1652 3110 1800 3158 reliquit
1821 3108 2001 3144 mundum
2014 3134 2024 3151 ,
2041 3113 2078 3141 et
2097 3103 2264 3141 ascendit
2279 3104 2316 3139 in
2338 3116 2416 3139 coe-

1435 3168 1536 3213 lum,
1560 3181 1626 3216 per
1653 3176 1770 3204 totum
1802 3166 1982 3203 mundum
2013 3165 2109 3200 fama
2137 3161 2219 3211 ejus
2243 3161 2416 3199 intonuit.

434 3302 438 3313 ¹
464 3293 576 3323 Nlallli.
596 3303 649 3329 11,
671 3295 710 3321 20
733 3294 784 3320 Ἐξ.
803 3307 842 3312 --
865 3295 875 3309 ²
893 3293 961 3320 ΑΜ.
979 3300 1009 3325 V,
1036 3292 1086 3319 15,
1104 3306 1145 3310 --
1162 3288 1307 3326 311l.1v,
1333 3294 1416 3328 ’1,(51
1438 3304 1462 3322 ιι
1477 3317 1485 3332 7
1506 3297 1559 3325 41
1582 3313 1623 3316 -
1647 3295 1661 3319 ιδ
1679 3293 1756 3325 Psal,
1773 3303 1879 3328 xvng,
1906 3296 1933 3321 5,
