2418 3949
174 241 269 278 1065

167 318 247 368 ptio
275 318 553 355 sacramentalis
580 325 616 353 et
645 317 868 367 spiritualis;
894 325 932 353 et
956 317 1031 353 haec
1051 315 1201 362 vera,⁰⁵

757 243 821 277 DE
850 241 1023 277 TRIBUS
1052 239 1322 275 PRAECIPUIS
1350 240 1617 276 MYSTERIIS.

1208 315 1220 333 ⁴
1232 329 1296 352 eos
1309 316 1460 365 corpori
1479 325 1608 352 nostro
1624 316 1910 365 incorporamus
1921 331 1930 363 ;
1943 329 2026 353 cum
2041 330 2130 353 vcro
2142 319 2215 353 Do-

2114 239 2208 275 100·ss

167 386 312 423 sancta,
346 385 383 414 et
408 377 661 422 sanctificans;
695 376 802 413 beata
818 405 827 422 ‚
851 384 889 413 et
918 375 1157 420 beatificans3
1179 378 1210 410 A
1227 376 1317 411 mini
1339 389 1476 425 corpus
1496 376 1533 411 in
1555 389 1674 412 escam
1699 376 1933 425 suscipimus,
1954 377 1983 412 si
2007 376 2117 425 digne
2136 377 2214 425 agi-

166 437 310 482 vitalis‚
339 445 375 473 et
411 437 615 473 vivificans.
647 436 772 473 Altera
805 443 948 471 tantum
984 434 1163 484 spiritua-

167 497 230 543 lis;
252 505 290 533 et
316 497 394 533 haec
419 497 664 533 nihilominus
684 496 840 545 gratiam
866 495 1030 540 confert,
1050 502 1160 543 auget

166 556 348 602 virtutes,
374 556 548 592 meritum
577 556 753 592 cumulat.
778 555 902 592 Tertia
927 563 1072 591 tantum
1098 567 1159 590 sa-

167 616 426 662 cramentalis3
443 623 481 652 et
498 615 576 652 haec
593 614 817 651 damnabilis
833 623 870 651 et
886 613 1160 659 condemnans,

167 676 248 710 Deo
275 673 429 712 odibilis
454 682 492 710 et
514 673 561 710 ab
589 686 634 709 eo
657 685 854 722 separans,
871 680 908 708 et
923 672 1027 708 nullo
1045 671 1158 707 modo

167 731 396 770 beatificans.
423 732 750 771 Sacramentaliter
771 740 808 768 et
833 731 1077 780 spiritualiter
1095 743 1158 766 su-

167 792 236 828 mit
268 800 433 829 sanctam
467 791 739 828 Eucharistiam
771 789 928 840 quilibet
965 790 1158 839 religiosus

167 851 363 896 sacerdos,
384 859 487 887 veste
508 850 690 900 nuptiali,
716 850 752 886 id
781 858 837 886 est
863 849 1044 886 charitate
1059 877 1068 893 ,
1093 849 1158 884 de-

167 918 296 947 center
321 918 499 956 ornatus,
520 918 558 946 et
579 910 672 946 nulli
702 909 851 945 mortali
878 909 998 958 culpae
1032 906 1158 944 obno-

166 969 274 1014 xius,
296 968 342 1006 ad
363 969 478 1005 altare
508 968 576 1005 Dei
605 968 810 1014 introiens,
839 976 876 1004 et
902 979 1048 1003 sacrum
1076 979 1161 1015 my-

166 1028 321 1065 sterium
343 1028 413 1065 rite
432 1026 640 1065 celebrans.
662 1027 804 1063 Eodem
824 1026 954 1071 modo,
970 1034 1007 1062 et
1023 1025 1155 1062 eodem

1228 448 1312 471 mus
1325 464 1335 482 ,
1350 436 1514 472 Domino
1532 436 1833 485 incorporamur,
1855 436 1931 472 imo
1951 436 2016 472 toti
2036 436 2072 472 in
2094 439 2214 472 Deum

1227 494 1450 540 transimus;
1473 495 1559 543 quia
1581 495 1644 543 qui
1664 495 1829 531 adhaeret
1847 498 1928 531 Deo
1943 508 2039 531 unus
2057 496 2213 545 spiritus

1226 561 1282 589 est
1298 565 1382 588 cum
1399 565 1444 588 eo
1457 551 1482 588 ³.
1503 553 1603 590 Felix
1620 553 1761 598 viator,
1783 553 1847 602 qui
1865 554 1926 589 tali
1942 553 2078 590 viatico
2096 554 2214 590 relici-

1228 619 1301 657 tur,
1319 610 1421 660 quod
1439 624 1570 647 secure
1591 612 1735 648 reducit
1754 625 1839 648 eum
1858 625 1925 661 per
1949 613 2068 658 viam,
2089 621 2126 649 et
2145 621 2215 649 tra-

1222 667 1303 718 jicit
1330 669 1368 705 in
1388 670 1560 718 patriam.

1278 729 1340 764 32.
1358 729 1454 777 Ipsis
1468 741 1557 777 ergo
1570 729 1827 765 sacerdotibus
1841 730 2088 767 ministerium
2107 744 2215 768 suum

1225 787 1337 836 digna
1370 788 1484 824 officii
1516 788 1757 824 exsecutione
1788 788 2064 826 honorantibus
2098 790 2218 839 prima

1225 847 1392 896 sumptio
1413 848 1609 896 congruit3
1626 855 1662 883 et
1682 861 1750 897 per
1770 861 1834 884 eos
1857 856 2000 884 tantum
2022 850 2103 886 aliis
2125 850 2216 886 lide—

1226 905 1324 942 libus
1344 906 1569 955 sumptionis
1584 906 1813 955 dispensatio
1825 907 2017 956 competit.
2030 908 2106 957 Ipsi
2116 909 2217 944 enim

1227 964 1367 1000 habent
1388 965 1509 1002 claves
1531 965 1644 1014 hujus
1664 966 1911 1011 Saeramenti,
1932 967 2001 1015 ipsi
2028 975 2114 1003 sunt
2140 968 2219 1004 veri

1228 1024 1454 1061 mediatores
1477 1024 1574 1060 inter
1600 1028 1720 1061 Deum
1744 1033 1780 1061 et
1800 1024 2010 1070 hominem,
2033 1027 2101 1075 ipsi
2132 1035 2219 1063 sunt

167 1087 302 1124 merito
329 1088 443 1125 sumit
462 1087 622 1137 quisque
648 1087 787 1133 fidelis,
807 1087 872 1135 qui
894 1086 940 1123 de
965 1099 1079 1122 manu
1102 1099 1161 1122 sa-
1182 1089 1210 1122 B
1227 1095 1302 1119 vox
1322 1091 1358 1119 et
1379 1096 1562 1132 organum
1583 1091 1720 1119 sanctae
1740 1084 1915 1119 Ecclesiae
1929 1112 1938 1129 ,
1962 1085 2032 1133 ipsi
2054 1085 2218 1122 offerunt

166 1146 327 1183 cerdotis
346 1147 467 1196 ipsum
495 1154 768 1183 sacramentum
792 1145 961 1195 suscipit.
983 1149 1068 1194 Ipse
1104 1153 1161 1180 ta-

167 1219 253 1243 men
283 1207 457 1243 sacerdos
485 1206 663 1257 singulari
694 1207 945 1256 praerogativa
973 1218 1051 1254 prae
1081 1205 1161 1241 aliis

166 1265 392 1315 insignitur,
428 1266 493 1315 qui
524 1266 717 1316 quotidie,
749 1265 838 1302 dum
871 1278 946 1301 non
980 1264 1162 1314 impediat

166 1324 291 1374 aliqua
317 1326 429 1376 culpa
458 1326 517 1363 vel
552 1325 768 1372 infirmitas,
792 1323 906 1361 habet
936 1332 1160 1374 potestatem

167 1383 438 1421 Eucharistiam
465 1384 651 1422 conficere
688 1392 726 1420 et
757 1397 926 1429 sumere3
958 1383 1038 1419 aliis
1069 1395 1160 1419 vero

168 1443 398 1493 permittitur
422 1452 566 1481 tantum
592 1444 703 1480 certis
726 1442 960 1492 temporibus
980 1441 1026 1478 de
1047 1454 1159 1478 manu

167 1502 373 1540 sacerdotis
402 1504 695 1540 communicare.
729 1502 979 1552 Spiritualiter
1013 1509 1157 1537 tantum

168 1562 281 1599 sumit
301 1563 460 1612 quisque
483 1563 602 1599 fidelis
617 1592 626 1609 ‚
647 1562 712 1612 qui
738 1571 794 1599 est
814 1561 860 1598 de
885 1561 1062 1598 membris
1087 1564 1158 1598 Ec-

166 1621 309 1668 etesiae,
341 1635 587 1672 perseverans
624 1623 662 1659 in
700 1622 878 1658 charitate
912 1636 919 1657 :
955 1619 1043 1669 quia
1073 1620 1159 1656 licet

166 1684 450 1718 Sacramentum
475 1694 541 1718 ore
565 1693 642 1717 non
665 1681 880 1729 contingat,
901 1680 1079 1716 virtutem
1098 1682 1157 1717 Sa-

166 1741 348 1777 cramenti
373 1750 520 1787 tamen,
541 1741 578 1777 id
599 1749 677 1787 est,
701 1740 958 1777 remissionem
980 1746 1158 1788 peccato-

166 1812 266 1845 rum,
286 1808 323 1836 et
339 1800 543 1850 spiritualis
557 1801 684 1851 gratiae
699 1800 938 1845 infusionem,
958 1812 1027 1848 per
1047 1798 1158 1834 fidem

165 1866 203 1894 et
224 1859 403 1896 unionem
428 1860 602 1897 Ecclesiae
622 1859 692 1896 sibi
711 1867 916 1909 comparat.
938 1862 1157 1897 Sacramen—

168 1917 290 1955 taliter
321 1927 466 1956 tantum
496 1919 680 1969 percipit,
706 1920 771 1969 qui
802 1919 840 1955 in
869 1919 979 1968 culpa
1011 1917 1159 1954 mortali

166 1978 380 2027 perdurans
404 1981 685 2017 communicare
716 1979 910 2029 praesumit
935 1993 943 2015 :
967 1978 1031 2015 sed
1052 1979 1082 2015 is
1104 1987 1160 2015 ta-

168 2038 211 2076 lis
233 2039 357 2076 socius
373 2047 429 2076 est
449 2039 639 2077 traditoris
658 2039 787 2086 Judae,
807 2047 844 2075 et
864 2039 996 2075 melius
1017 2038 1158 2086 fuerat,

167 2098 197 2134 si
219 2106 328 2135 natus
357 2112 435 2135 non
460 2099 589 2135 fuisset
608 2099 723 2135 homo
743 2099 826 2145 ille;
848 2099 919 2135 nisi
942 2098 1156 2148 resipiscat,

167 2164 205 2193 et
224 2157 335 2207 digne
354 2161 436 2195 Deo
455 2158 666 2195 satisfaciat.

219 2217 284 2254 31.
321 2220 378 2254 De
415 2217 537 2267 prima
566 2218 803 2267 sumptione,
831 2231 915 2267 quae
947 2226 1002 2254 est
1031 2230 1158 2254 sacra-

166 2276 339 2313 mentalis
375 2284 413 2313 et
451 2276 678 2326 spiritualis,
714 2277 901 2314 Dominus
939 2275 1047 2321 dicit,
1085 2278 1160 2322 Qui

166 2336 371 2372 manducat
398 2349 520 2371 meam
548 2350 699 2372 carnem
712 2364 723 2380 ,
760 2346 794 2372 et
821 2335 913 2372 bibit
941 2339 1158 2384 sangninem

165 2407 286 2431 meum
298 2409 313 2440 ;
332 2399 371 2431 in
393 2408 451 2431 me
469 2405 595 2431 manet
621 2405 658 2431 ec
678 2409 743 2445 ego
771 2399 807 2432 ise
829 2410 871 2431 eo
898 2410 908 2430 :
932 2403 969 2431 et
990 2408 1158 2441 rursum,

175 2455 251 2500 Qui
283 2457 489 2491 manducat
518 2469 596 2499 me,
623 2459 721 2492 vivet
731 2465 887 2505 propter
915 2469 985 2492 me.
1015 2459 1070 2492 De
1100 2468 1159 2492 se-

165 2513 308 2561 cunda,
328 2528 413 2564 quae
432 2523 488 2552 est
508 2523 653 2552 tantum
674 2516 899 2566 spiritualis,
920 2516 1055 2552 iterum
1077 2515 1158 2565 ipse

167 2573 352 2611 Dominus
375 2575 565 2624 loquitur,
592 2576 685 2611 Caro
711 2576 807 2611 nihil
820 2577 985 2624 prodest,
1006 2578 1157 2623 spiritus

166 2642 219 2668 est
232 2638 295 2682 qui
314 2635 475 2680 vivificat
490 2641 497 2656 ¹
517 2649 525 2671 ι
546 2648 589 2671 ac
606 2635 634 2671 si
649 2635 790 2671 diceret
802 2662 813 2679 ‚
828 2634 866 2673 Si
880 2634 1056 2683 intelligis
1073 2642 1156 2670 tan-
1172 2637 1205 2670 D

167 2700 245 2728 tum
269 2694 457 2730 carnalem
479 2694 732 2743 sumptionem
749 2693 890 2743 absque
905 2694 1022 2743 gratia
1036 2722 1045 2739 ,
1064 2694 1157 2730 nihil

165 2752 334 2802 prodest,
354 2753 430 2789 imo
449 2762 579 2800 nocet3
595 2753 800 2804 spiritualis
815 2767 907 2790 vero
925 2753 1066 2802 absque
1079 2767 1158 2790 ear-

166 2811 241 2848 nali
264 2820 299 2848 te
320 2812 496 2850 viviticat.
522 2816 577 2850 De
605 2813 734 2859 tertia,
754 2825 837 2862 quae
858 2820 913 2849 est
934 2820 1077 2848 tantum
1097 2825 1158 2849 sae-

166 2873 404 2909 cramentalis
417 2901 426 2918 ‚
446 2873 537 2910 dicit
554 2874 780 2923 Apostolus,
804 2875 878 2919 Qui
901 2874 1104 2907 manducat
1124 2881 1159 2908 cc

165 2929 252 2967 bibit
275 2934 442 2981 indigne,
460 2933 646 2979 judicium
671 2932 743 2967 sibi
769 2933 969 2967 manducat
996 2939 1032 2966 et
1053 2930 1156 2975 bibit,

166 3003 240 3025 non
269 2992 480 3037 dijudicans
505 3005 635 3039 corpus
659 2994 814 3027 Domini
831 2996 843 3012 ²
866 3005 873 3026 :
893 2990 996 3039 quod
1019 2998 1075 3027 est
1101 2990 1158 3027 di·

165 3061 272 3095 cere,
294 3053 377 3086 Non
410 3050 627 3087 discernens
660 3063 798 3100 corpus
825 3050 979 3087 Domini
1005 3048 1051 3086 ab
1077 3050 1156 3085 aliis

165 3107 272 3147 cibis.
296 3113 385 3147 llaec
405 3118 462 3147 est
484 3108 644 3148 salubris
667 3109 860 3146 distinctio
884 3109 1055 3158 corporis
1074 3113 1154 3145 Do-

167 3169 294 3206 minici
319 3169 366 3206 ab
385 3170 465 3207 aliis
481 3169 575 3207 cibis
597 3184 604 3206 :
627 3169 714 3219 quia
734 3182 819 3206 cum
841 3169 933 3205 alios
957 3169 1151 3213 sumimus,

722 3308 730 3321 ⁷
754 3306 760 3332 l
780 3306 831 3331 (im
873 3305 999 3333 x1,'’‘).

218 3308 224 3321 ¹
246 3305 337 3333 Joau.
355 3313 385 3332 vt
402 3326 408 3335 .
432 3304 486 3338 57,
511 3306 550 3332 3⁸
568 3327 574 3337 ,
591 3305 643 3333 Μ.

168 3358 181 3374 ‘¹
200 3356 275 3385 l'sal.
296 3367 360 3390 (ιι,
380 3359 396 3384 ’).
419 3360 446 3385 Ι).

1086 3299 1225 3332 ³1«l.x1‚
1253 3302 1299 3329 17.

1226 1146 1308 1179 Deo
1343 1142 1464 1191 plebis
1493 1142 1744 1191 precationes,
1774 1150 1811 1177 et
1842 1142 2009 1178 referunt
2035 1144 2218 1192 propitia-

1229 1201 1361 1238 tiones.
1387 1206 1418 1239 Ο
1446 1214 1558 1251 quam
1581 1201 1700 1237 fidelis
1721 1201 1949 1250 promissor!
1971 1215 2082 1250 quam
2107 1216 2218 1240 verax

1227 1260 1441 1298 exhibitor!
1476 1274 1589 1310 quam
1625 1261 1827 1297 munificus
1855 1261 2028 1309 largitor!
2064 1262 2218 1308 Dixisti,

1226 1322 1389 1358 Domine
1406 1325 1425 1359 J
1430 1334 1495 1358 esu
1515 1336 1522 1358 :
1543 1324 1641 1357 Ecce
1660 1334 1725 1370 ego
1743 1320 1929 1357 vobiscum
1943 1334 2023 1357 sum
2042 1326 2224 1370 usquead

1826 1384 1913 1417 Haec
1950 1394 2038 1417 vere
2080 1381 2216 1418 dixisti.

1227 1442 1351 1488 Prope
1371 1449 1423 1475 est
1443 1439 1616 1482 verbum,
1644 1440 1695 1475 ait
1714 1439 1904 1489 Scriptura
1917 1467 1926 1485 ,
1950 1444 1989 1476 in
2009 1454 2070 1475 ore
2089 1450 2164 1485 tua,
2187 1452 2219 1478 el

1227 1504 1266 1534 in
1295 1501 1403 1534 corde
1428 1508 1487 1534 tuo
1503 1497 1530 1533 ⁵.
1554 1498 1718 1536 Verbum
1740 1498 1841 1547 quod
1868 1498 1904 1534 in
1932 1499 2120 1548 principio
2141 1511 2219 1537 erat

1227 1558 1327 1608 apud
1348 1562 1490 1603 Deum,
1510 1558 1547 1594 in
1572 1559 1644 1594 line
1673 1558 1797 1595 saeculi
1824 1557 2000 1606 dignatur
2019 1573 2098 1595 esse
2119 1562 2219 1609 apud

1224 1619 1417 1654 hominem
1443 1633 1450 1654 :
1475 1626 1531 1654 est
1555 1618 1591 1654 in
1613 1631 1697 1664 ore,
1718 1626 1772 1654 est
1796 1618 1833 1654 in
1855 1617 1980 1654 corde.
2004 1619 2102 1667 Quid
2126 1634 2217 1669 pro-

1225 1677 1332 1726 pius?
1351 1676 1443 1726 quid
1472 1676 1588 1725 magis
1612 1676 1882 1713 intrinsecum?
1900 1680 1962 1713 list
1981 1678 2017 1713 in
2034 1692 2099 1715 ore
2121 1687 2185 1716 tuo
2207 1695 2212 1715 :

1225 1749 1313 1785 ergo
1330 1737 1408 1773 laus
1422 1735 1504 1784 ejus
1516 1749 1665 1785 semper
1682 1736 1719 1772 in
1736 1749 1801 1772 ore
1817 1744 1880 1772 tuo
1896 1737 1953 1772 sit.
1968 1740 2032 1773 Est
2050 1738 2085 1773 in
2103 1739 2217 1775 corde

1227 1804 1291 1832 tuo
1313 1810 1321 1832 :
1341 1809 1430 1845 ergo
1450 1797 1629 1832 confitere
1661 1796 1693 1832 ei
1717 1796 1753 1832 in
1781 1796 1988 1832 directione
2012 1797 2158 1843 cordis,
2181 1808 2217 1835 et

1227 1386 1578 1417 consummationem
1611 1383 1744 1416 soeCltll'
1759 1381 1786 1416 ⁴!-

1178 1862 1204 1898 C
1225 1856 1304 1893 noli
1334 1855 1506 1893 oblivisci
1539 1869 1671 1892 omnes
1702 1856 1970 1893 retributiones
2000 1857 2092 1906 ejus.
2117 1862 2217 1905 Quas

1226 1915 1494 1953 retributiones
1529 1914 1638 1964 ejus?
1673 1915 1906 1964 Propitiatur
1939 1916 2114 1953 omnibus
2144 1918 2218 1954 inim

1225 1975 1432 2024 quitatibus
1459 1975 1552 2021 tuis;
1574 1983 1679 2011 sanat
1707 1988 1838 2012 omnes
1860 1976 2095 2013 infirmitates
2116 1985 2218 2023 tuus,

1226 2035 1376 2072 redimit
1405 2035 1451 2071 de
1472 2035 1626 2071 interitu
1652 2035 1764 2071 vitam
1792 2043 1892 2071 tuam
1909 2051 1918 2081 3
1938 2046 2095 2073 coronat
2122 2045 2155 2072 tc
2182 2038 2218 2074 in

1226 2094 1481 2130 misericordia
1503 2103 1540 2130 et
1561 2094 1888 2141 miserationibus;
1913 2096 2033 2144 replet
2053 2097 2089 2132 in
2113 2096 2220 2134 lionis

1226 2153 1451 2190 desiderium
1477 2162 1608 2198 tuum,
1633 2153 1725 2190 dans
1748 2167 1785 2190 se
1811 2154 1932 2203 ipsum
1964 2154 2029 2191 tibi
2052 2157 2087 2191 in
2110 2158 2218 2193 viati-

1227 2227 1312 2251 cum
1336 2229 1342 2250 :
1369 2212 1614 2250 renovabitur
1641 2222 1681 2250 ut
1709 2214 1842 2263 aquilae
1864 2214 2047 2263 juventus
2069 2225 2128 2252 tua
2145 2218 2159 2237 ‘³
2180 2219 2215 2254 in

1225 2273 1499 2309 resurrectione
1523 2271 1739 2321 justorum,
1766 2273 1920 2322 quando
1942 2286 1980 2310 se
2004 2274 2130 2311 denuo
2155 2276 2219 2312 da-

1225 2332 1280 2368 bit
1298 2332 1337 2368 in
1357 2332 1553 2381 praemium
1574 2347 1581 2368 :
1601 2333 1647 2369 (le
1667 2347 1743 2382 quo
1764 2333 1921 2382 praemio
1938 2334 1974 2369 in
1998 2334 2068 2370 hoc
2087 2336 2219 2371 ultimo

1226 2392 1412 2441 capitulo,
1438 2391 1541 2441 quod
1572 2393 1652 2441 ipse
1677 2392 1766 2429 dare
1787 2392 2020 2443 dignabitur,
2040 2395 2112 2431 stili
2134 2396 2216 2431 olli-

1226 2451 1283 2488 cio
1308 2464 1596 2501 prosequemur.

1224 2574 2220 2586 ...................................................................

1457 2665 1640 2721 PARS
1693 2666 1981 2720 FERIIA.

1277 2795 1378 2825 Qt‘on
1407 2795 1583 2819 (tunlsTrS
1614 2797 1682 2818 Du*
1715 2796 1754 2818 SE
1784 2796 1892 2819 Notus
1922 2797 1958 2819 IN
1991 2798 2162 2820 rutlxtttu

1617 2855 1655 2876 IN
1687 2855 1811 2878 COELO.

1638 2962 1803 2976 ⁴0⁶0-—

1561 3055 1737 3094 CAPL'T
1768 3056 1882 3094 XIII.

1276 3169 1337 3204 353.
1372 3169 1649 3206 Aristotelicum
1671 3177 1726 3205 est
1745 3184 1751 3205 ε
1775 3172 1897 3206 Omne
1918 3168 2091 3206 sensibile
2114 3180 2218 3206 exim

1385 3300 1511 3331 *Manli
1542 3312 1669 3334 xxxiii,
1698 3305 1736 3331 'w
1839 3300 1847 3317 '³
1873 3305 1958 3331 l‘rut.
1989 3313 2073 3333 xxx,
2103 3303 2136 3330 t'·
2179 3320 2183 3322 ἡ
