2418 3949
246 224 342 260 1413
849 233 1012 267 SERMO
1042 234 1105 267 DE
1136 235 1170 268 S.
1203 235 1403 269 ANDREA
1432 238 1692 272 APOSTOLO.
2197 243 2292 279 1413

238 301 331 350 quid
349 301 457 339 faciat
476 303 629 340 dextera
651 314 723 341 tua.
746 306 934 353 Discrete,
952 317 1110 357 propter
1125 308 1551 359 ‹lehi-⁷¹⁷1)estilentialis
1573 312 1729 350 morbus
1759 316 1943 361 exerevit,
1975 325 2015 352 ut
2041 318 2290 366 praeferantur

239 361 378 398 litatem
407 363 593 412 corporis,
629 373 666 401 et
704 365 944 403 multimodas
978 367 1225 404 infirmitates.
1246 372 1278 402 A
1294 371 1475 417 ecclesiis,
1496 385 1592 421 quos
1614 385 1681 409 nec
1702 373 1856 410 scientia
1871 403 1880 419 ,
1905 388 1974 411 nec
1997 377 2070 413 vita
2087 390 2281 414 commen-

239 420 442 470 Plerosque
461 422 561 458 enim
596 423 760 460 vidimus
789 425 827 460 in
850 426 1039 475 principio
1066 440 1225 463 conver-

238 479 353 516 sionis
379 481 430 516 ita
467 481 702 519 discretionis
736 484 929 532 infregisse
956 486 1151 535 repagula,
1185 495 1226 522 ut

237 538 390 575 laudum
412 540 604 577 solemniis
620 541 805 579 inhabiles
821 543 1085 589 redderentur,
1109 553 1146 580 et
1163 558 1225 594 ap-

236 605 368 645 paratu
389 597 567 648 deinceps
595 600 746 636 lautiori
766 600 954 638 diuturnis
981 602 1099 638 foveri
1126 610 1222 638 tem-

234 654 393 703 poribus
409 656 636 706 indigerent.
657 661 739 694 Jam
766 659 817 695 510
836 659 1068 697 1111111111131115
1088 673 1223 709 proce-

234 714 299 751 dat
314 715 361 752 ad
377 725 522 753 sextum
533 745 543 763 ,
559 718 624 766 qui
639 726 694 755 est
707 719 891 755 correctio
908 719 1045 768 operis.
1063 719 1225 756 Prohibe

235 787 325 824 ergo
345 775 511 826 linguam
534 785 634 813 tuam
655 791 677 814 a
706 779 824 823 malo,
855 791 1012 828 operare
1032 779 1135 828 quod
1156 779 1226 815 bo-

234 846 325 870 num
344 843 420 880 est,
443 843 480 871 et
510 837 700 874 sensuales
722 845 846 874 motus
873 846 958 874 tuos
983 839 1226 874 continentiae

233 893 350 931 frenis
376 894 542 942 infrena,
567 904 606 932 et
628 897 681 933 sic
712 897 783 934 erit
810 910 884 946 pax
911 898 951 933 in
978 905 1076 934 terra
1105 897 1226 934 carnis

234 961 317 990 tuae.
336 957 463 1004 Argue
479 956 599 992 malos
615 969 684 1006 pro
709 969 873 1006 persona
888 970 1000 1006 quam
1019 956 1133 994 habes
1157 971 1164 993 :
1185 965 1223 992 et

233 1020 268 1048 te
284 1023 466 1063 praesente
482 1014 665 1063 justitiam
683 1029 760 1052 non
773 1016 871 1052 sinas
887 1016 1046 1065 sepeliri.
1066 1015 1159 1052 Veni
1176 1015 1222 1051 ad

1292 428 1373 475 det,
1393 431 1480 466 caeci
1505 431 1616 468 duces
1643 445 1827 469 caecorum
1841 462 1851 480 ,
1873 442 1910 470 et
1929 436 2154 485 praecipitati
2182 446 2219 474 et
2235 438 2280 474 ad

1290 488 1537 538 praecipitium
1560 491 1821 539 perducentes.

1346 546 1403 583 12.
1427 548 1652 586 Audivimus
1672 551 1718 586 de
1746 554 1973 598 confitente,
1998 563 2035 590 et
2061 555 2106 591 de
2132 557 2282 593 confes-

1289 605 1432 641 sionem
1459 608 1684 657 suscipiente
1703 623 1710 645 :
1728 609 1922 647 audiamus
1942 625 2042 649 nunc
2058 626 2140 662 quae
2159 614 2281 663 impe-

1291 663 1395 700 diant
1407 666 1694 703 consessionem.
1712 671 1901 715 Quantum
1919 671 2094 719 colligere
2110 685 2277 721 possum,

1290 731 1452 771 quatuor
1477 726 1664 774 praecipue
1685 737 1888 764 occurrunt
1911 744 1918 764 :
1948 729 2072 778 pudor
2087 759 2096 775 ,
2134 731 2247 768 timor
2265 760 2275 777 ,

1291 793 1375 830 spes
1395 790 1432 818 et
1455 782 1680 832 desperatio.
1701 785 1801 821 Nihil
1829 787 1960 824 fortius
1989 788 2034 824 ad
2055 802 2278 838 expugnan-

1291 840 1380 876 dum
1402 842 1557 889 gratiam
1578 844 1648 879 Dei
1669 857 1779 892 quam
1810 845 1934 894 pudor
1963 847 2168 894 humanus3
2191 849 2279 898 quia

1292 899 1379 935 dum
1410 900 1664 939 erubescimus
1693 904 1864 940 confiteri
1892 918 1976 954 quae
2002 907 2276 951 commisimus,

1287 961 1408 995 Deum
1440 961 1563 997 minus
1592 974 1704 1009 quam
1731 962 1902 1000 homines
1937 977 2166 1003 reveremur.
2191 970 2278 1003 Haec

1287 1026 1343 1054 est
1362 1020 1535 1056 confusio
1554 1020 1746 1057 adducens
1764 1031 1959 1070 peccatum
1983 1024 2009 1059 ⁵.
2032 1027 2279 1074 opponamus

231 1073 433 1122 septimum
451 1074 607 1123 gradum
627 1090 634 1111 :
651 1084 688 1112 et
706 1075 767 1111 hic
782 1084 838 1112 est
853 1076 1132 1124 perseverantia
1151 1074 1222 1111 bo·
1244 1079 1271 1112 B
1288 1077 1321 1112 ei
1355 1079 1694 1116 considerationem
1727 1081 1902 1127 rat-ionis,
1936 1085 2185 1120 reverentiam
2212 1086 2276 1121 in—

233 1132 372 1170 nitatis.
393 1138 439 1171 Et
464 1134 503 1170 in
527 1134 598 1171 1100
621 1135 782 1184 5011111110
802 1134 955 1171 vocabit
983 1142 1018 1170 te
1037 1134 1222 1171 Dominus

231 1205 317 1228 cum
342 1196 474 1242 Moyse
499 1194 545 1230 de
577 1194 701 1230 medio
729 1194 895 1244 caliginis
919 1201 927 1216 ¹
955 1208 962 1229 :
985 1202 1022 1230 et
1042 1194 1081 1230 in
1102 1195 1220 1244 ipsam

230 1251 437 1289 divinitatis
451 1252 696 1290 substantiam
714 1254 912 1291 interiores
929 1255 1059 1290 oculos
1075 1254 1218 1304 infiges.

229 1312 550 1348 Perseverantiam
571 1320 697 1348 autem
721 1312 862 1349 faciunt
884 1313 1113 1362 exspectatio
1130 1326 1222 1362 11133-

230 1369 412 1416 miorum,
433 1384 629 1420 poenarum
660 1371 892 1416 recordatio,
912 1372 1090 1421 primitiae
1112 1372 1223 1422 spiri-

231 1437 310 1474 tus,
347 1437 384 1466 et
421 1430 564 1467 donum
596 1431 765 1475 coeleste,
800 1431 846 1467 de
887 1430 1024 1480 quibus
1056 1432 1224 1481 loquitur

229 1488 438 1538 Apostolus
453 1517 463 1534 ,
488 1489 591 1538 quod
609 1503 677 1527 nec
693 1498 872 1540 expertus
892 1491 1058 1539 ignorat,
1080 1504 1149 1527 nec
1168 1491 1223 1526 in-

229 1556 409 1599 expertus
439 1549 614 1598 intelligit
628 1556 654 1586 ².
685 1550 847 1588 Stultitia
873 1559 930 1586 est
950 1551 1051 1586 enim
1080 1551 1155 1595 illi,
1186 1558 1222 1586 01

230 1620 308 1645 non
328 1617 453 1659 potest
474 1609 685 1658 intelligere
705 1623 790 1658 quae
807 1619 895 1646 sunt
913 1610 1066 1660 spiritus
1088 1611 1156 1647 Dei
1169 1608 1194 1645 3.

287 1670 344 1706 11.
362 1669 501 1707 Audite
523 1678 561 1706 et
585 1669 752 1707 breviter
781 1682 893 1719 quem
913 1679 1088 1720 oporteat
1115 1670 1222 1707 ordi-

231 1728 313 1766 nari
333 1728 380 1765 ad
396 1729 717 1779 dispensationem
735 1729 902 1778 mysterii
921 1728 1044 1778 hujus.
1066 1731 1225 1779 Oportet

228 1800 316 1824 eum
347 1801 428 1825 esse
456 1801 533 1825 non
556 1788 682 1825 minus
707 1788 911 1825 litteratum
935 1802 1047 1838 quam
1072 1789 1223 1837 religio—

1289 1137 1426 1172 tuentis
1452 1138 1543 1184 Dei,
1565 1140 1884 1187 comparationem
1907 1142 2060 1190 majoris
2086 1144 2278 1180 confusio—

1288 1196 1345 1232 nis
1368 1210 1374 1231 :
1396 1204 1437 1232 ut
1467 1197 1565 1232 enim
1601 1198 1848 1234 confiteamur
1876 1200 1970 1236 ratio
2007 1210 2158 1247 monet,
2177 1206 2279 1239 Deus

1288 1255 1388 1304 cogit
1413 1256 1478 1305 qui
1502 1255 1607 1292 vidit.
1634 1259 1680 1292 Et
1703 1257 1732 1293 si
1759 1257 2027 1295 confundimur
2046 1259 2105 1296 hic
2129 1260 2252 1297 dicere
2269 1290 2278 1306 ,

1288 1315 1379 1363 quid
1398 1317 1468 1352 erit
1482 1316 1519 1351 in
1538 1315 1599 1351 illa
1616 1328 1750 1364 magna
1764 1316 1997 1362 confusione,
2017 1318 2082 1355 ubi
2103 1320 2279 1356 omnibus

1288 1374 1414 1410 omnia
1443 1373 1652 1423 patebunt?
1689 1375 1816 1411 Timor
1847 1376 2048 1425 plerosque
2075 1379 2278 1427 opprimit,

1289 1444 1335 1468 ne
1371 1433 1474 1481 gravi
1505 1432 1726 1482 poenitentia
1754 1434 2029 1481 percellantur,
2051 1444 2087 1472 et
2110 1437 2279 1485 perferre

1288 1503 1363 1526 non
1395 1491 1548 1540 possint„
1581 1495 1675 1528 Vere
1708 1492 1773 1540 qui
1802 1492 1908 1528 timet
1940 1494 2132 1542 pruinam,
2163 1497 2279 1532 irruet

1287 1562 1400 1599 super
1427 1564 1513 1586 eum
1546 1548 1652 1586 nis-⁶.
1693 1551 1762 1586 llic
1792 1552 2132 1599 considerandum,
2166 1567 2277 1603 quam

1288 1610 1413 1658 gravis
1433 1610 1480 1645 sit
1502 1623 1614 1659 poena
1636 1610 1834 1659 geliennae,
1864 1624 1975 1659 quam
2008 1613 2138 1661 longa,
2163 1626 2275 1662 quam

1288 1668 1521 1705 infructuosa
1538 1684 1545 1705 :
1561 1682 1581 1705 e
1598 1670 1786 1705 contrario
1804 1678 1928 1706 autem
1947 1671 2167 1719 poenitentia
2187 1686 2280 1722 prze-

1289 1741 1375 1765 sens
1414 1729 1526 1773 levis,
1561 1729 1687 1766 brevis
1721 1738 1758 1765 et
1790 1730 1992 1766 fructuosa.
2033 1733 2124 1780 Spes
2154 1741 2278 1768 autem

1291 1787 1428 1823 inultos
1448 1787 1594 1833 obruit,
1617 1788 1682 1837 qui
1703 1788 1791 1824 dum
1814 1788 1913 1825 bona
1942 1790 2182 1838 prsesentium
2211 1805 2279 1826 011-

229 1860 333 1894 511111,
360 1855 402 1884 111
426 1847 546 1884 zelum
569 1848 638 1884 Dei
658 1847 810 1894 habeat,
830 1856 868 1884 et
883 1847 1089 1884 secundum
1109 1848 1226 1884 scien·
1243 1850 1269 1886 C
1288 1847 1400 1895 piunt
1413 1876 1422 1893 ,
1445 1848 1590 1897 aperire
1605 1848 1849 1884 conscientias
1877 1861 1961 1885 suas
1977 1849 2133 1894 nolunt,
2159 1863 2204 1886 ne
2220 1879 2229 1896 ,
2250 1852 2279 1886 51

230 1907 342 1952 113111;
372 1920 457 1943 cum
481 1907 682 1944 indiscreta
708 1908 839 1957 religio
869 1908 983 1957 magis
1000 1906 1131 1944 obesse
1153 1920 1219 1943 so-

229 1967 304 2004 leat
323 1980 435 2016 quam
456 1967 649 2017 prodesse.
670 1969 896 2005 Litteratum
923 1968 1009 2004 ideo
1023 1996 1033 2013 ,
1061 1976 1102 2004 ut
1130 1967 1221 2004 sciat

227 2026 320 2075 quid
338 2025 528 2076 injungat,
550 2027 610 2064 cui
627 2036 774 2077 parcat,
803 2027 956 2077 quando
976 2040 1130 2077 parcere
1150 2027 1219 2063 de-

227 2085 330 2132 beat,
348 2099 462 2135 quam
482 2087 779 2124 consolationem
804 2087 969 2137 proferat
985 2086 1032 2123 de
1051 2087 1219 2135 Scriptu—

228 2146 289 2183 ris.
310 2147 541 2196 Religiosum
558 2160 650 2184 vero
667 2147 826 2194 idcirco,
845 2156 883 2185 et
899 2156 941 2184 ut
956 2160 1071 2196 puras
1088 2160 1220 2183 manus

227 2206 327 2243 levet
346 2206 392 2243 ad
409 2211 554 2253 Deum,
575 2216 611 2244 et
626 2221 697 2257 pro
711 2206 974 2257 peccatoribus
997 2206 1220 2242 fiducialiter

226 2265 444 2303 intercedat.
486 2267 619 2304 Videat
648 2276 773 2304 autem
812 2280 860 2304 ne
892 2279 1059 2316 unquam
1084 2266 1130 2302 de
1163 2266 1219 2302 1115

228 2337 312 2373 quae
325 2324 396 2361 sub
410 2326 600 2375 signaculo
617 2326 864 2363 confessionis
877 2325 1021 2375 accepit
1031 2353 1040 2370 ‚
1056 2325 1218 2373 aliquam

227 2383 336 2420 faciat
355 2385 585 2421 mentionem
599 2413 609 2429 ‚
639 2385 699 2421 vel
718 2385 829 2421 alicui
863 2384 1035 2433 loquenti
1058 2397 1218 2420 consen-

223 2442 304 2479 tiat.
328 2444 466 2480 Caveat
482 2444 593 2480 etiam
608 2457 654 2480 ne
669 2445 824 2481 vilescat
839 2445 878 2481 in
896 2452 1100 2493 conspectu
1120 2443 1215 2492 ejus,

221 2502 287 2552 qui
307 2515 412 2540 suam
437 2504 621 2540 vilitatem
641 2504 807 2541 ostendit
826 2519 834 2541 ε
853 2517 922 2540 nec
943 2503 989 2539 sit
1006 2511 1216 2552 suspectus,

223 2575 292 2598 nec
313 2562 360 2598 de
375 2563 565 2612 praeterita
581 2563 744 2599 futuram
768 2563 884 2599 vitam
907 2562 1065 2598 aestimet
1085 2575 1218 2611 pecca—

1286 1907 1415 1956 quales
1430 1909 1502 1944 sint
1521 1907 1739 1944 hominibus
1752 1917 1981 1957 appareant,
2003 1909 2050 1945 ad
2071 1910 2170 1945 nulla
2186 1922 2278 1958 pra*-

1287 1967 1400 2003 sentis
1423 1967 1507 2003 vitae
1527 1966 1626 2004 bona
1640 1968 1907 2004 conscendant.
1930 1968 2073 2015 Quibus
2090 1969 2280 2005 inculcan-

1285 2026 1375 2062 dum
1401 2035 1457 2063 est
1485 2027 1571 2075 quia
1595 2026 1697 2063 bona
1724 2026 1839 2075 hujus
1873 2028 1995 2063 saeculi
2023 2041 2138 2076 parva
2169 2037 2279 2073 sunt,

1284 2085 1426 2122 incerta
1449 2094 1484 2122 et
1507 2094 1769 2122 momentanea
1791 2101 1798 2122 :
1828 2095 1865 2122 et
1881 2086 1942 2122 illa
1971 2087 2069 2122 illius
2089 2087 2174 2122 vitae
2197 2100 2277 2122 ma—

1285 2146 1384 2182 xima
1398 2175 1407 2191 ,
1429 2154 1467 2182 et
1483 2146 1688 2182 certissima
1702 2155 1738 2183 et
1753 2155 1904 2183 aeterna.
1937 2147 2122 2183 Plurimos
2141 2147 2277 2196 despe-

1286 2205 1380 2241 ratio
1415 2206 1614 2251 interficit,
1644 2206 1708 2255 qui
1744 2206 1812 2241 boe
1839 2206 1958 2241 solum
1995 2215 2190 2248 metuunt,
2233 2219 2278 2241 110

1287 2265 1431 2314 possint
1468 2265 1674 2300 continere.
1700 2268 1835 2300 Verum
1870 2272 1947 2309 est,
1980 2265 2067 2313 quia
2102 2273 2278 2313 peccator

1286 2337 1370 2360 eum
1389 2324 1534 2360 venerit
1562 2324 1597 2359 in
1616 2323 1848 2372 profundum
1871 2323 2076 2368 malorum,
2105 2331 2277 2358 contem·

1287 2383 1340 2418 nit
1361 2390 1387 2418 7.
1407 2387 1512 2420 113110
1529 2382 1702 2419 obterere
1723 2382 1905 2418 debemus
1926 2383 2053 2430 vigore
2067 2383 2276 2418 consessio-

1286 2441 1360 2486 nis,
1381 2442 1499 2491 gratia
1518 2441 1754 2485 humilitatis,
1771 2450 1806 2477 et
1827 2441 2089 2490 compassione
2109 2441 2276 2477 111111501ιί

1284 2502 1474 2551 aperimus
1493 2501 1758 2537 conscientiam
1780 2509 1959 2537 nostram.
1982 2500 2181 2536 Sciendum
2204 2514 2274 2536 au—

1285 2570 1359 2597 tem
1379 2562 1466 2610 quia
1486 2561 1556 2596 alia
1570 2569 1626 2597 est
1642 2560 1827 2596 consessio
1845 2573 1928 2607 quse
1950 2567 2145 2608 peecatum
2167 2560 2274 2608 plan—

223 2622 327 2658 toris.
349 2621 460 2669 Quod
479 2622 510 2658 si
540 2622 696 2658 fortuito
718 2621 764 2658 de
797 2622 853 2658 his
887 2634 972 2670 quae
999 2622 1037 2656 in
1062 2622 1213 2657 confes·
1232 2623 1264 2656 D
1281 2621 1350 2669 git,
1369 2621 1438 2656 alia
1461 2632 1544 2668 quae
1573 2618 1720 2655 laudem
1748 2618 1860 2654 canit.
1884 2622 2029 2654 Bonum
2051 2619 2185 2653 animae
2211 2632 2273 2654 or—

221 2681 327 2716 sione
342 2681 528 2730 suscepit,
551 2693 662 2717 causa
677 2693 803 2716 coram
827 2692 872 2716 eo
890 2679 1001 2715 fuerit
1015 2679 1212 2724 ventilata;

220 2753 298 2776 non
319 2748 496 2789 tanquam
519 2740 689 2777 conscius
708 2740 745 2776 in
773 2748 918 2789 partem
934 2739 1115 2782 declinet,
1147 2739 1212 2775 sed

219 2800 327 2849 quasi
364 2801 511 2837 nescius
537 2799 780 2849 judiciarium
810 2799 983 2836 ordinem
1019 2799 1210 2848 permittat

219 2859 399 2895 exerceri.
418 2859 565 2896 Habeat
586 2868 710 2896 autem
728 2860 766 2895 in
794 2859 992 2895 voluntate
1021 2857 1208 2907 compati,

218 2926 256 2955 et
273 2917 432 2955 liberare
461 2931 547 2955 eum
576 2933 584 2955 z
611 2927 648 2954 01
676 2918 818 2955 nitatur
841 2916 980 2966 aliquid
1012 2916 1209 2953 detrahere

219 2977 430 3022 severitati,
453 2978 602 3014 imitans
622 2977 859 3013 dulcedinem
885 2976 1035 3012 Domini
1061 2976 1116 3011 5111
1132 3004 1140 3020 ,
1163 2975 1209 3011 de

217 3050 294 3086 (1110
328 3037 418 3074 dicit
443 3046 594 3074 sanctus
634 3052 640 3073 ε
684 3039 870 3083 Quoniam
884 3035 1011 3084 fecisti
1027 3037 1209 3081 judiciam

218 3111 357 3141 meum,
389 3107 424 3133 et
457 3111 607 3133 causam
642 3111 761 3132 meam
789 3097 815 3132 ⁴.
855 3096 925 3132 Sed
956 3095 1051 3145 proli
1078 3094 1205 3130 dolor!

219 3156 453 3206 temporibus
482 3157 641 3201 nostris,
676 3170 742 3206 per
775 3156 993 3192 universum
1025 3154 1207 3190 mundum

268 3295 274 3309 ¹
298 3290 396 3320 Exod.
414 3302 506 3323 xxiv,
530 3295 580 3321 10,
605 3310 628 3313 --
668 3296 678 3310 ²
696 3290 790 3320 110110,
810 3301 852 3318 vt.

218 3349 230 3372 7
256 3345 343 3372 l‘rov.
365 3354 463 3378 xviii,
483 3348 512 3373 53.

939 3287 950 3308 -l
970 3291 979 3317 l
999 3289 1069 3317 (lor.
1095 3299 1136 3318 11,
1168 3289 1216 3316 11.
1236 3305 1275 3308 ν·
1307 3286 1414 3316 irsal.
1445 3297 1496 3317 ix.
1530 3290 1557 3314 .“1.
1581 3304 1621 3305 *w
1650 3283 1660 3303 5·

1281 2686 1496 2714 namentum
1513 2678 1713 2721 consessio,
1727 2691 1810 2725 (11133
1822 2685 1858 2713 01
1875 2685 2109 2726 peecatorem
2124 2686 2271 2725 purgat,

1279 2746 1314 2773 et
1330 2737 1475 2785 justum
1494 2736 1615 2772 reddit
1637 2737 1902 2785 purgatiorem.

1335 2797 1392 2832 13.
1414 2797 1615 2845 Sequitur:
1639 2799 1713 2842 Qui
1743 2798 1856 2830 (νοτία
1883 2800 1918 2830 iu
1949 2799 2052 2830 illum
2074 2810 2146 2830 ηοη
2180 2810 2268 2830 «ὐπ-

1266 2856 1463 2904 furedetnr.
1504 2855 1664 2892 Credere
1693 2859 1791 2900 Deo,
1815 2863 1871 2891 est
1901 2855 2024 2891 verbis
2053 2855 2134 2903 ejus
2157 2855 2265 2891 lidem

1274 2915 1465 2952 adbibere.
1485 2914 1645 2951 Credere
1676 2917 1816 2958 Deum,
1849 2923 1904 2950 est
1935 2913 2267 2962 00111110111111111111-

1276 2988 1366 3011 esse.
1389 2974 1548 3011 Credere
1569 2974 1606 3009 in
1629 2977 1770 3017 1)011111,
1792 2982 1845 3009 est
1869 2987 2019 3009 «minem
2038 2986 2142 3022 spem
2162 2988 2264 3010 suani

1277 3035 1312 3071 in
1341 3035 1445 3070 illum
1476 3033 1647 3081 dirigere.
1672 3037 1790 3069 Deum
1822 3042 1857 3069 01
1890 3037 1967 3069 Deo
1997 3033 2152 3069 eredunt
2187 3035 2264 3070 da·-

1277 3106 1435 3129 moues:
1465 3093 1527 3128 sed
1559 3093 1594 3128 in
1625 3093 1728 3128 illum
1764 3106 1839 3128 non
1865 3092 2021 3128 creduut
2041 3121 2048 3131 ,
2084 3095 2118 3128 111
2155 3107 2264 3141 quem

1276 3154 1337 3201 qui
1359 3152 1477 3189 credit
1509 3165 1584 3187 nou
1608 3151 1881 3195 conl‘1m‹l‹·n=1·;
1911 3153 1996 3200 quia
2027 3165 2128 3200 spem
2161 3166 2264 3188 suam

1687 3285 1784 3314 lei-le.
1812 3295 1855 3313 11.
1881 3303 1914 3305 „
1945 3286 1959 3301 ⁴¹
1980 3283 2040 3313 ,1011
2063 3295 2114 3315 xi.
2147 3288 2194 3313 113.
2225 3302 2255 3305 —
