2418 3949
69 186 139 224 125

768 189 815 223 IN
845 186 1069 231 CANTICA,
1099 186 1261 224 SERMO
1290 190 1426 224 XVIII.

62 263 188 313 pravis
212 264 357 313 polluta
387 263 509 301 verbis
541 264 711 300 osculum
742 264 776 300 in
806 255 934 313 sponsi
964 262 1090 300 labia²³

2048 191 2118 228 126

1184 264 1212 299 ²1.
1241 265 1311 300 Sed
1337 265 1414 314 jain
1451 266 1651 315 perfectius
1680 267 1852 303 ordinem
1884 269 2051 317 intuere,
2084 280 2119 307 et

64 323 259 372 porriges?
286 323 436 361 Candor
467 324 544 373 ipse
569 324 660 360 lucis
677 332 846 368 aeternae,
864 331 900 360 et
920 323 970 359 nil
989 323 1050 358 in-
1075 325 1105 358 A
1126 332 1346 371 proveetum
1379 325 1578 373 quemdam
1603 326 1648 362 de
1679 325 1812 362 Libani
1841 327 1950 376 lignis
1978 328 2024 365 ad
2057 344 2121 365 eo-

63 382 260 431 quinatum
286 383 435 432 attingit
454 383 573 419 illum.
593 386 784 419 Memento
802 395 843 418 os
859 390 963 418 tuum
983 394 1058 417 coe-

63 441 219 478 lestibus
242 442 379 479 osculis
400 450 438 478 et
461 442 623 478 oraculis
644 449 918 478 consecratum.
938 440 1063 476 Sacri-

63 500 200 550 legium
220 509 328 550 puta,
350 501 379 537 si
399 501 489 550 quid
508 514 586 537 non
608 501 738 546 dulce,
761 513 837 536 non
865 499 1032 535 divinum
1050 526 1060 543 ,

65 571 142 596 non
159 559 205 596 de
228 568 355 596 sancta
372 560 511 609 pagina
527 568 647 596 sonet.
673 562 898 601 Buccinnte,
916 557 1058 606 inquit,

65 622 104 653 in
121 624 340 662 neomenia,
364 618 472 663 tuba,
504 623 541 654 in
571 623 711 667 insigni
732 620 794 653 die
819 619 1063 652 solemnitatis

66 686 200 713 vestroe
218 683 241 713 ¹.
268 677 400 714 Omnis
427 677 506 712 dies
534 676 639 712 vobis
663 676 841 713 solemnis
868 674 979 712 debet
1007 687 1060 711 es-

71 748 131 781 se;
149 748 299 785 semper
319 736 536 781 neomenia,
557 748 708 784 semper
737 734 948 771 sabbatum.
969 733 1060 771 Ideo

68 807 112 830 os
133 802 299 831 vestrum
320 794 426 844 quasi
454 794 543 831 tuba
560 795 606 830 sit
625 794 773 831 ductilis
787 822 796 839 ‚
821 793 909 831 tuba
925 807 1059 843 argen-

69 861 152 890 tea:
171 853 261 890 tuba
292 867 376 903 quae
404 867 481 890 non
514 855 619 899 lites,
648 854 713 890 sed
738 854 901 890 laetitiam
931 862 1058 899 sonet,

65 912 129 949 sed
149 909 445 958 solemnitatem,
465 912 530 949 sed
551 913 694 949 cantica
711 913 930 962 spiritualia.

117 972 152 1008 3.
173 973 307 1009 Nescio
326 972 521 1022 quomodo
539 972 585 1008 de
602 972 788 1009 columnis
807 971 992 1021 argenteis
1012 972 1058 1008 ad

1129 381 1276 418 lumnas
1299 392 1492 432 argenteas
1506 414 1515 431 ,
1533 393 1569 420 et
1589 399 1743 422 aureum
1765 385 2057 425 reclinatorium.
2076 393 2117 426 In

1129 439 1274 477 Libano
1302 442 1426 478 cordis
1456 443 1658 489 munditia3
1680 445 1717 480 in
1738 454 1893 494 argento
1911 446 2048 484 divinae
2068 449 2120 484 le-

1131 499 1185 548 gis
1212 501 1362 548 notitia3
1392 502 1431 537 in
1457 516 1549 538 auro
1585 503 1663 539 sive
1691 506 1875 542 sermonis
1914 508 2120 546 ministerio

1130 561 1308 608 mysteria
1328 574 1431 597 saera
1451 562 1644 598 manifeste
1661 565 1914 613 resplendent.
1932 569 1974 603 In
1994 568 2118 616 primo

1130 618 1266 653 mentis
1286 619 1438 655 oculum
1467 633 1605 669 purgas
1624 635 1631 656 :
1653 621 1690 657 in
1711 624 1878 659 secundo
1904 627 2089 675 prospicis
2109 642 2116 663 :

1128 677 1310 726 perspicis
1330 686 1453 714 autem
1475 679 1512 714 in
1535 680 1656 716 tertio.
1684 682 1749 717 Vel
1771 683 1798 718 si
1823 685 1938 721 mavis
1954 685 2004 722 ita
2025 686 2119 731 dici,

1127 736 1341 781 mundaris,
1364 737 1573 783 meditaris,
1590 740 1804 787 specularis.
1832 742 2040 789 Confessio,
2063 746 2120 782 in—

1125 795 1229 844 quit,
1259 805 1294 831 et
1320 797 1554 844 pulchritudo
1579 799 1616 832 in
1646 808 1840 846 conspecta
1864 806 1943 846 esus
1954 801 1980 838 ⁸.
2000 807 2042 839 In
2063 805 2122 840 Li-

1126 854 1226 890 bano
1243 855 1506 904 pulchritudo,
1523 856 1559 892 in
1577 865 1732 905 argento
1751 859 1954 905 consessio,
1973 861 2011 897 in
2029 876 2121 899 auro

1126 912 1263 950 divinae
1288 923 1512 964 conspectus
1540 916 1749 965 praesentiae
1781 916 1846 953 tibi
1875 922 2117 957 commenda—

1126 981 1199 1009 tur.
1224 976 1343 1021 Quam
1364 988 1498 1024 inagna
1517 983 1573 1011 est
1593 976 1836 1013 confessionis
1857 986 1894 1014 et
1913 979 2122 1027 pulchritu-

65 1029 175 1067 tubas
198 1039 326 1068 nostra
346 1031 500 1068 deflexit
519 1032 640 1068 oratio
658 1045 665 1067 ε
686 1031 755 1067 nisi
782 1031 885 1080 quod
911 1030 1054 1079 optima
1078 1031 1106 1064 B
1128 1032 1225 1069 dinis
1245 1032 1358 1081 hujus
1375 1034 1512 1082 gratia,
1535 1047 1620 1083 quae
1640 1034 1678 1070 in
1695 1045 1898 1085 conspectu
1919 1045 2029 1074 tantre
2050 1053 2124 1076 ma-

65 1091 243 1128 columna
261 1100 317 1128 est
333 1092 370 1128 in
391 1091 506 1128 domo
523 1091 698 1136 Domini,
725 1091 789 1140 qui
811 1091 883 1127 tale
903 1103 945 1126 os
962 1103 1055 1139 por-

65 1157 129 1186 tat.
149 1153 254 1187 Bona
268 1151 446 1187 columna
462 1150 570 1187 estin
588 1163 663 1199 quo
684 1150 768 1187 fessi
786 1157 1057 1186 sustentantur.

66 1207 191 1245 Habes
221 1209 259 1245 in
285 1210 380 1246 Isaia
406 1224 414 1246 ε
441 1212 624 1245 Dominus
651 1211 753 1244 dedic
776 1209 866 1244 milti
891 1212 1059 1258 linguam

65 1270 268 1313 eruditam,
284 1278 324 1304 ut
341 1273 457 1304 sciam
473 1281 554 1304 eum
572 1272 636 1315 qui
652 1271 778 1316 lapsus
797 1277 850 1303 est
861 1277 1062 1304 sustentare

66 1326 179 1362 verbo
193 1332 217 1363 ².
239 1326 396 1364 Erudita
420 1327 534 1377 plane
562 1327 687 1376 lingua
707 1327 842 1365 Christi
867 1331 976 1372 Jesu,
997 1340 1065 1363 an-

66 1386 274 1424 nuntiantis
299 1399 450 1436 pacem,
476 1386 716 1436 praedicantis
745 1386 901 1423 bonum.
922 1387 1066 1436 Lingua

65 1444 257 1494 placabilis
275 1446 418 1495 lignum
437 1444 565 1492 vitae3,
583 1446 760 1482 columna
791 1454 827 1482 et
856 1447 1066 1482 firmamen—

67 1513 146 1541 tum
173 1505 352 1542 veritatis.
371 1508 418 1542 Et
451 1514 490 1542 tu
511 1507 617 1554 virgo
644 1508 681 1542 in
704 1506 775 1542 hoc
790 1506 918 1555 sponsi
937 1505 1069 1554 imagi-

66 1576 151 1600 nem
180 1573 310 1614 porta,
333 1573 375 1601 ut
395 1565 533 1602 habeas
560 1566 724 1614 linguam
755 1565 965 1610 eruditam,
996 1564 1068 1600 lin-

66 1637 176 1673 guam
197 1624 442 1674 placabilem3
463 1637 539 1661 non
557 1637 774 1670 erroneam,
808 1637 885 1661 non
905 1636 1034 1673 vagam
1053 1651 1063 1668 ,

66 1696 143 1720 non
173 1683 323 1720 labilem
347 1683 393 1720 ad
416 1685 555 1730 otiosa,
577 1684 641 1721 sed
664 1698 749 1734 quae
772 1683 1065 1734 loquaturjudi-

65 1742 162 1780 cium
177 1758 187 1789 ;
201 1756 286 1792 quae
298 1742 457 1779 verbum
476 1743 597 1779 solatii
611 1744 800 1793 proferat,
820 1757 903 1793 quae
919 1744 1067 1779 colum-

66 1815 114 1839 na
142 1802 313 1852 quaedam
332 1803 379 1838 sit
405 1811 442 1839 et
465 1803 744 1839 firmamentum
770 1803 817 1839 ad
845 1802 1063 1839 aeditieatio—
1083 1799 1111 1834 C

66 1874 152 1899 nem
167 1861 272 1908 fidei,
287 1862 346 1898 vel
365 1870 437 1898 tuae
451 1890 460 1906 ‚
479 1863 537 1898 vel
552 1863 695 1898 alienae.
709 1866 831 1912 Prope
843 1863 890 1899 sit
906 1861 1063 1898 verbum

66 1920 153 1957 fidei
181 1920 218 1957 in
239 1933 306 1957 ore
329 1929 416 1967 tuo,
438 1929 476 1956 et
504 1921 541 1956 in
569 1920 683 1957 corde
704 1922 805 1957 tuo⁴'.
829 1922 892 1959 Vis
919 1921 1064 1957 colum-

67 1993 154 2016 nam
187 1979 318 2016 audire
346 1981 583 2028 argenteam?
604 1983 703 2024 Lex,
723 1980 867 2029 inquit,
891 1983 961 2016 Dei
985 1981 1064 2026 (jus

68 2043 105 2074 in
133 2041 244 2074 corde
272 2043 388 2086 ipsias
406 2050 519 2075 :ecce
551 2047 761 2086 argentum.
791 2041 843 2075 Et
871 2053 944 2074 nme
975 2053 1064 2087 snp-

62 2097 339 2147 plantabuntur
349 2110 496 2147 gressus
512 2099 588 2144 ejus
602 2096 615 2117 ⁵
633 2112 641 2133 :
660 2110 746 2134 ecce
766 2098 954 2134 columna.
973 2101 1064 2134 Jure

68 2158 264 2202 columna,
287 2170 371 2206 quae
393 2156 562 2193 subverti
582 2169 659 2192 non
685 2165 822 2206 potest.
849 2156 965 2192 Verbo
987 2159 1064 2191 Do-

69 2220 163 2252 mini
189 2216 435 2261 coelc'firneati
451 2223 538 2250 sunt
549 2242 560 2258 ,
586 2215 710 2262 inquit
730 2215 925 2250 Psalinista
935 2213 962 2249 ⁶.
985 2218 1064 2250 Hoc

70 2274 186 2312 verbo
206 2275 453 2311 confirmetur
474 2286 539 2309 cor
563 2273 741 2321 virginis;
764 2281 806 2308 ut
834 2273 972 2308 coelum
994 2272 1063 2316 sit,

70 2342 113 2370 ut
139 2333 245 2370 sedes
273 2333 361 2379 Dei,
382 2341 424 2369 ut
450 2332 730 2368 reclinatorium
759 2332 879 2382 possit
907 2344 1063 2368 aureum

71 2393 163 2429 fieri.
190 2396 233 2429 In
267 2400 443 2441 argento,
474 2391 561 2427 {idei
591 2392 773 2427 rationein
803 2400 840 2426 et
874 2391 1065 2427 scientiam

71 2452 229 2501 accipite
250 2466 258 2488 :
283 2452 320 2488 in
335 2464 429 2487 auro
444 2478 454 2496 ,
473 2450 729 2499 intelligentiae
746 2458 783 2486 et
801 2449 968 2486 veritatis
989 2450 1066 2485 ful-

71 2523 214 2560 gorem.
235 2509 533 2547 Reclinatorium
550 2509 621 2545 hoc
636 2522 790 2545 aureum
810 2522 924 2558 super
940 2507 1068 2557 hujus-

1118 1090 1263 1140 jestatis
1295 1091 1522 1128 admittitur!
1557 1093 1620 1129 Vis
1662 1093 1749 1129 alibi
1784 1095 1822 1130 in
1855 1097 2003 1133 Psalmo
2029 1098 2124 1135 hanc

1125 1149 1402 1187 distinctionem
1437 1151 1592 1188 audire?
1630 1152 1701 1187 Cor
1715 1180 1725 1196 ‚
1763 1153 1886 1203 inquit
1902 1183 1911 1201 ,
1945 1159 2123 1193 mundum

1128 1223 1214 1245 crea
1232 1215 1270 1245 in
1293 1224 1351 1246 me
1357 1239 1370 1255 ,
1389 1214 1507 1255 Deus,
1527 1221 1564 1247 et
1579 1216 1749 1260 spiritum
1766 1223 1900 1249 rectum
1925 1219 2056 1251 innova
2086 1222 2123 1253 in

1129 1268 1335 1305 visceribus
1355 1271 1445 1305 meis
1462 1297 1470 1305 .
1489 1272 1546 1306 Ne
1563 1271 1746 1318 projicias
1771 1286 1829 1307 me
1857 1286 1881 1307 a
1898 1272 2005 1320 faeie
2024 1282 2123 1311 tuaf‘.

1130 1329 1244 1366 Vides
1264 1329 1460 1378 quomodo
1475 1329 1633 1379 abyssus
1653 1330 1829 1380 abyssum
1843 1332 2015 1379 invocat3
2033 1348 2127 1383 quo-

1133 1388 1247 1425 modo
1277 1389 1425 1425 diversa
1461 1389 1664 1438 Scripturae
1698 1391 1859 1439 capitula
1896 1391 1965 1428 sibi
1998 1394 2128 1429 conei-

1133 1457 1242 1485 nunt.
1263 1449 1430 1485 Primum
1452 1448 1497 1484 ad
1514 1448 1647 1485 Libani
1665 1450 1868 1486 eandorem
1898 1452 2007 1488 refer.
2025 1454 2125 1488 Beati

1134 1507 1233 1544 enim
1257 1507 1399 1543 mundo
1419 1508 1554 1555 corde,
1575 1509 1754 1557 quoniam
1784 1510 1854 1558 ipsi
1880 1514 2001 1547 Deum
2021 1512 2127 1548 vide-

1135 1565 1232 1602 bunt
1244 1573 1284 1602 ¹⁰.
1296 1567 1509 1603 Secundum
1527 1568 1571 1603 ad
1586 1568 1729 1616 argenti
1749 1570 1955 1606 columnas.
1968 1574 2126 1607 Rectum

1131 1634 1186 1661 est
1206 1626 1304 1662 enim
1333 1625 1490 1662 verbum
1522 1627 1686 1663 Domini.
1708 1628 1874 1663 Tertium
1903 1629 1949 1665 ad
1970 1643 2125 1666 aureum

1132 1685 1433 1730 reclinatorium,
1448 1684 1512 1721 ubi
1529 1685 1680 1721 Domini
1697 1685 1807 1722 facies
1822 1687 1901 1722 sine
1914 1688 2128 1725 velamento

1132 1745 1274 1780 sincere
1295 1744 1471 1781 videtur:
1493 1753 1529 1781 et
1549 1745 1587 1781 in
1612 1759 1704 1781 auro
1726 1747 1854 1782 rutilat
1877 1747 2049 1796 majestas
2069 1763 2125 1785 re-

1130 1804 1209 1853 gia3
1224 1804 1295 1839 hoc
1316 1812 1393 1848 est,
1414 1813 1613 1853 purgatum
1628 1834 1637 1850 ,
1660 1805 1908 1851 instructum,
1931 1816 1967 1843 et
1982 1836 1990 1852 ‚
2014 1817 2055 1845 ut
2075 1810 2127 1845 sic

1132 1863 1251 1899 dicam
1267 1891 1276 1908 ,
1297 1864 1547 1912 praestrictum
1564 1864 1735 1912 spiritum
1760 1864 1831 1901 sibi
1850 1867 2015 1914 postulat
2032 1867 2123 1904 dari.

1130 1924 1172 1957 In
1191 1920 1334 1957 Libano
1356 1931 1556 1970 purgatur,
1585 1923 1622 1958 in
1652 1931 1808 1971 argento
1840 1924 2058 1970 instruitur,
2089 1927 2126 1961 in

1131 1993 1224 2016 auro
1250 1981 1537 2029 praestringitur.
1560 1982 1839 2030 Praestringitur
1865 1985 1964 2020 enini
1983 1998 2071 2021 vere
2088 1986 2125 2021 in

1130 2040 1425 2089 contemplando
1452 2039 1631 2089 quaelibet
1659 2050 1826 2090 purgatae
1845 2043 1981 2079 mentis
2001 2045 2097 2080 acies
2121 2060 2128 2080 ε

1130 2109 1165 2136 et
1183 2101 1464 2136 coruscationes
1482 2101 1622 2136 intimae
1644 2102 1736 2137 lucis
1765 2102 1811 2138 ad
1834 2103 2022 2139 modicum
2045 2118 2128 2141 sus—

1133 2159 1236 2194 tinet.
1265 2163 1345 2196 Ilos
1369 2160 1608 2208 profectuum
1643 2160 1780 2208 gradus
1807 2161 1928 2209 relege
1962 2170 2021 2208 tu,
2044 2177 2128 2212 qua‘

1130 2218 1397 2265 speculationis
1419 2219 1560 2264 aspiras
1580 2218 1625 2252 ad
1643 2219 1812 2265 gratiam.
1833 2220 1928 2254 Nihil
1951 2221 1986 2255 in
2011 2229 2044 2257 te
2067 2223 2130 2257 soe-

1132 2275 1242 2318 dum,
1266 2275 1357 2310 nihil
1383 2275 1533 2311 infidele
1552 2275 1732 2321 resideat,
1761 2285 1799 2312 ut
1823 2278 1921 2314 nuda
1944 2279 2009 2315 tibi
2037 2294 2126 2330 pos-

1132 2333 1179 2368 sit
1197 2333 1386 2381 fulgurare
1407 2334 1556 2369 veritas.
1579 2335 1703 2370 Primo
1721 2335 1926 2372 emundare
1939 2366 1947 2379 ‚
1963 2340 2129 2375 secundo

1133 2393 1359 2437 exercitare,
1401 2393 1510 2427 tertio
1551 2393 1709 2429 intuere.
1744 2395 1958 2432 Eniundare
1995 2411 2014 2433 a
2052 2399 2130 2447 lege

1134 2451 1294 2496 carnali,
1315 2452 1520 2487 exercitare
1539 2453 1574 2488 in
1590 2453 1670 2501 lege
1688 2453 1773 2489 fidei
1789 2483 1798 2497 ,
1823 2455 1967 2491 intuere
1985 2466 2019 2493 ct
2042 2472 2129 2506 per-

1133 2510 1234 2559 spice
1264 2511 1302 2546 in
1329 2511 1410 2559 lege
1439 2511 1613 2560 perfectae,
1641 2511 1843 2558 libertatis,
1866 2515 1901 2550 in
1922 2515 2001 2564 lege
2019 2518 2130 2565 spiri—

72 2570 175 2607 modl
194 2570 389 2606 columnas
408 2569 629 2618 imponitur·
648 2570 732 2604 Νἰ-ςί
748 2569 848 2604 enim
870 2570 1071 2603 cretliderl—
1088 2569 1120 2603 D
1142 2570 1244 2606 tuali.
1266 2569 1340 2607 Ubi
1362 2570 1461 2606 enim
1481 2571 1635 2619 spiritus
1656 2573 1829 2618 Domini,
1851 2573 1900 2609 ibi
1924 2574 2076 2612 libertas
2092 2584 2130 2612 ¹¹.

73 2634 138 2674 tis,
167 2642 241 2665 non
268 2629 510 2677 intelligetis7.
533 2626 638 2665 Fidei
667 2626 830 2663 eruditio
858 2625 904 2662 ad
926 2626 1069 2662 intelli-

73 2689 208 2738 gentiae
223 2688 426 2738 puritatem
439 2686 596 2736 gradum
619 2694 787 2736 praestat.
808 2685 1070 2723 Fundamento

74 2748 163 2785 huic
189 2745 522 2797 contemplationis
551 2745 725 2781 innititur
755 2747 886 2794 gratia.
904 2748 1002 2781 Dum
1033 2745 1071 2780 in

75 2819 248 2845 sermone
269 2806 339 2843 Dei
365 2805 556 2841 meditaris
577 2804 757 2849 fideliter,
780 2812 816 2840 et
835 2817 903 2853 per
926 2804 1074 2853 patien—

76 2867 163 2904 tiam
193 2874 231 2902 et
258 2865 557 2902 consolationem
593 2864 795 2913 Scriptura}
825 2863 871 2899 ad
903 2875 1007 2912 spem
1034 2870 1068 2898 te

76 2937 280 2976 supernam
300 2923 429 2972 erigis,
457 2923 672 2959 columnam
696 2930 731 2958 te
757 2921 924 2958 exhibes.
944 2921 1069 2958 Recli-

76 2985 266 3022 natorium
288 2996 444 3019 aureum
467 2991 554 3019 tunc
575 2981 762 3031 exsurgis,
779 2994 864 3018 eum
882 2981 983 3017 nuda
1004 2980 1070 3016 tibi

78 3045 158 3083 sinc
173 3044 357 3081 sermonis
378 3043 575 3080 involucro
597 3042 732 3092 raptim
750 3041 881 3091 incipit
900 3053 1071 3078 corusca-

77 3117 118 3142 re
134 3104 281 3142 veritas.

1135 2632 1178 2666 In
1200 2629 1279 2678 lege
1300 2642 1384 2679 quae
1414 2630 1546 2666 littera:
1568 2632 1754 2668 velamine
1775 2642 1895 2678 caret,
1913 2634 1949 2670 in
1974 2649 2047 2684 qua
2065 2650 2133 2672 nec

1137 2689 1279 2734 errori,
1301 2702 1369 2724 nce
1388 2689 1611 2737 ignorantia*
1624 2718 1633 2734 ‚
1652 2704 1720 2726 nec
1736 2693 1922 2740 reniginati
1942 2694 2044 2730 locus
2065 2705 2132 2731 est.

1139 2751 1255 2785 Error
1275 2748 1338 2784 ubi
1359 2757 1434 2794 cst,
1456 2749 1612 2786 seducit.
1635 2753 1852 2799 Ignorantia
1873 2752 1934 2788 ubi
1958 2763 2034 2799 cst,
2057 2769 2132 2792 non

1141 2807 1256 2844 ducit.
1279 2808 1450 2856 AEnignia
1479 2808 1542 2845 ubi
1569 2817 1645 2854 est,
1672 2811 1740 2846 etsi
1760 2811 1882 2856 ducit,
1906 2825 1981 2849 non
2010 2822 2133 2851 tamen

1141 2867 1324 2915 perducit.
1355 2867 1447 2914 Quis
1474 2867 1524 2903 ibi
1554 2871 1678 2904 erret?
1703 2871 1999 2909 Reclinat‹.u·ium
2035 2876 2133 2912 enini

1135 2934 1209 2971 est,
1239 2934 1276 2961 et
1305 2926 1430 2974 quies,
1459 2935 1495 2962 et
1519 2935 1694 2963 votorum
1729 2929 1822 2965 finis.
1843 2931 1934 2977 Quis
1959 2932 2133 2979 ignoret?

1136 2988 1280 3021 Aurum
1299 2985 1397 3020 enini
1419 2993 1493 3030 est,
1511 2994 1546 3021 et
1566 2987 1691 3022 rutilat
1712 2987 1757 3023 ad
1785 2988 1918 3025 lucem.
1942 2991 2052 3037 Quod
2081 2992 2129 3028 ibi

1137 3045 1320 3093 aenigma?
1338 3048 1521 3081 Votorum
1541 3046 1640 3092 finis,
1661 3054 1698 3082 et
1716 3059 1847 3083 serena
1864 3049 2018 3094 veritas,
2041 3051 2132 3087 :eni-

1137 3112 1302 3154 gniatum
1334 3104 1471 3153 figuras
1492 3118 1567 3140 non
1599 3105 1742 3155 recipit.
1773 3105 1827 3143 Ibi
1858 3108 1948 3144 nihil
1978 3109 2130 3154 salsum,

129 3237 138 3253 ¹
155 3231 236 3263 Psal.
256 3242 343 3262 Lxxx
359 3256 366 3270 ‚
388 3233 418 3263 lc.
438 3251 468 3255 —-
498 3237 509 3253 ²
527 3233 600 3264 lsai.
616 3244 633 3261 ῐ.
647 3257 654 3270 ,
673 3235 702 3263 si.
717 3250 761 3256 ——
777 3230 791 3254 ³
805 3235 894 3264 I‘rov.
915 3245 968 3269 xv,
992 3236 1017 3264 ἲ.
1034 3253 1074 3257 -
1094 3233 1106 3259 -ἱ
1123 3237 1216 3264 Rom.
1231 3245 1269 3269 x,
1285 3236 1316 3262 ⁸.
1334 3250 1370 3253 >⁴
1392 3229 1404 3252 5
1421 3232 1499 3262 l‘sal.
1518 3244 1598 3262 xxxx
1612 3245 1617 3261 ι
1633 3258 1638 3266 ,
1664 3236 1772 3264 31.ὼν
1794 3232 1899 3264 '³1¹sal.
1921 3241 2060 3265 xum-1

81 3290 93 3312 7
117 3283 185 3314 isai.
204 3295 267 3322 vn,
297 3287 336 3321 9,
353 3295 413 3315 sec.
429 3287 530 3315 Lxx.
544 3303 585 3307 —
605 3285 806 3320 81‘›;=1.x‹tv‚
826 3289 856 3316 (ἲ.
871 3304 897 3308 —·
930 3293 945 3315 9
962 3287 1040 3317 l’sal.
1059 3298 1075 3316 L
1089 3311 1096 3319 ,
1122 3289 1159 3317 12
1176 3310 1182 3318 .
1206 3288 1254 3315 113.
1271 3303 1310 3308 ν-
1336 3290 1364 3304 ¹⁰
1381 3284 1491 3315 Manli.
1508 3296 1538 3318 v.
1558 3290 1587 3315 8.
1607 3304 1613 3307 ν

1671 3291 1696 3305 ¹¹
1717 3289 1830 3315 ll(]‹=1·.
1849 3297 1900 3319 ιιι,
1924 3289 1957 3315 17
