<?xml version="1.0" encoding="UTF-8"?>
<!DOCTYPE html PUBLIC "-//W3C//DTD XHTML 1.0 Transitional//EN"
    "http://www.w3.org/TR/xhtml1/DTD/xhtml1-transitional.dtd">
<html xmlns="http://www.w3.org/1999/xhtml" xml:lang="en" lang="en">
 <head>
  <title>
</title>
<meta http-equiv="Content-Type" content="text/html;charset=utf-8" />
  <meta name='ocr-system' content='tesseract 3.04.00' />
  <meta name='ocr-capabilities' content='ocr_page ocr_carea ocr_par ocr_line ocrx_word'/>
</head>
<body>
  <div class='ocr_page' id='page_1' title='image "./operaomniapostho05bern/operaomniapostho05bern_0020.png"; bbox 0 0 2504 3928; ppageno 0'>
   <div class='ocr_carea' id='block_1_1' title="bbox 259 204 2299 243">
    <p class='ocr_par' dir='ltr' id='par_1_1' title="bbox 259 204 2299 243">
     <span class='ocr_line' id='line_1_1' title="bbox 259 204 2299 243; baseline -0.002 0"><span class='ocrx_word' id='word_1_1' title='bbox 259 207 303 243; x_wconf 75' lang='lat'>27</span> <span class='ocrx_word' id='word_1_2' title='bbox 1027 207 1314 243; x_wconf 65' lang='lat' dir='ltr'>tzlLLEBER&#39;rt</span> <span class='ocrx_word' id='word_1_3' title='bbox 1345 208 1540 243; x_wconf 65' lang='lat' dir='ltr'>Antm&#39;t‘ts</span> <span class='ocrx_word' id='word_1_4' title='bbox 2251 204 2299 239; x_wconf 73' lang='lat'>28</span> 
     </span>
    </p>
   </div>
   <div class='ocr_carea' id='block_1_2' title="bbox 257 282 1250 329">
    <p class='ocr_par' dir='ltr' id='par_1_2' title="bbox 257 282 1250 329">
     <span class='ocr_line' id='line_1_2' title="bbox 257 282 1250 329; baseline -0.003 -11"><span class='ocrx_word' id='word_1_5' title='bbox 257 296 348 319; x_wconf 83' lang='lat' dir='ltr'>sum.</span> <span class='ocrx_word' id='word_1_6' title='bbox 368 285 439 329; x_wconf 73' lang='lat' dir='ltr'>Qui</span> <span class='ocrx_word' id='word_1_7' title='bbox 454 291 572 317; x_wconf 68' lang='lat' dir='ltr'>mitem</span> <span class='ocrx_word' id='word_1_8' title='bbox 584 282 730 327; x_wconf 79' lang='lat' dir='ltr'>judica!</span> <span class='ocrx_word' id='word_1_9' title='bbox 747 294 817 324; x_wconf 72' lang='lat' dir='ltr'>me,</span> <span class='ocrx_word' id='word_1_10' title='bbox 839 283 1016 316; x_wconf 76' lang='lat' dir='ltr'><em>Dominus</em></span> <span class='ocrx_word' id='word_1_11' title='bbox 1032 292 1085 317; x_wconf 64' lang='lat' dir='ltr'>(at</span> <span class='ocrx_word' id='word_1_12' title='bbox 1099 289 1120 318; x_wconf 89' lang='lat'>¹.</span> <span class='ocrx_word' id='word_1_13' title='bbox 1140 283 1250 320; x_wconf 72' lang='lat' dir='ltr'>Vides</span> 
     </span>
    </p>
   </div>
   <div class='ocr_carea' id='block_1_3' title="bbox 1283 280 2298 330">
    <p class='ocr_par' dir='ltr' id='par_1_3' title="bbox 1283 280 2298 330">
     <span class='ocr_line' id='line_1_3' title="bbox 1283 280 2298 330; baseline -0.003 -11"><span class='ocrx_word' id='word_1_14' title='bbox 1283 283 1289 299; x_wconf 74' lang='lat'>³</span> <span class='ocrx_word' id='word_1_15' title='bbox 1317 284 1352 319; x_wconf 91' lang='lat' dir='ltr'>iu</span> <span class='ocrx_word' id='word_1_16' title='bbox 1383 284 1490 320; x_wconf 85' lang='lat' dir='ltr'>tertio</span> <span class='ocrx_word' id='word_1_17' title='bbox 1514 283 1640 319; x_wconf 87' lang='lat' dir='ltr'>unitur</span> <span class='ocrx_word' id='word_1_18' title='bbox 1673 282 1735 318; x_wconf 87' lang='lat' dir='ltr'>illi.</span> <span class='ocrx_word' id='word_1_19' title='bbox 1770 286 1811 318; x_wconf 86' lang='lat' dir='ltr'>Iu</span> <span class='ocrx_word' id='word_1_20' title='bbox 1842 282 1965 330; x_wconf 88' lang='lat' dir='ltr'>primo</span> <span class='ocrx_word' id='word_1_21' title='bbox 1994 280 2298 330; x_wconf 74' lang='lat' dir='ltr'>tranquillitatem</span> 
     </span>
    </p>
   </div>
   <div class='ocr_carea' id='block_1_4' title="bbox 258 339 2300 391">
    <p class='ocr_par' dir='ltr' id='par_1_4' title="bbox 258 339 2300 391">
     <span class='ocr_line' id='line_1_4' title="bbox 258 339 2300 391; baseline -0.001 -13"><span class='ocrx_word' id='word_1_22' title='bbox 258 341 452 391; x_wconf 90' lang='lat' dir='ltr'>quomodo</span> <span class='ocrx_word' id='word_1_23' title='bbox 484 341 618 377; x_wconf 84' lang='lat' dir='ltr'>Paulus</span> <span class='ocrx_word' id='word_1_24' title='bbox 642 339 771 385; x_wconf 84' lang='lat' dir='ltr'>audet,</span> <span class='ocrx_word' id='word_1_25' title='bbox 798 347 833 375; x_wconf 87' lang='lat' dir='ltr'>et</span> <span class='ocrx_word' id='word_1_26' title='bbox 863 339 971 385; x_wconf 86' lang='lat' dir='ltr'>dicit,</span> <span class='ocrx_word' id='word_1_27' title='bbox 1001 342 1072 376; x_wconf 79' lang='grc' dir='ltr'>(ὀν</span> <span class='ocrx_word' id='word_1_28' title='bbox 1089 351 1249 378; x_wconf 80' lang='lat' dir='ltr'>nostrum</span> <span class='ocrx_word' id='word_1_29' title='bbox 1270 349 1298 381; x_wconf 86' lang='grc' dir='ltr'>Α</span> <span class='ocrx_word' id='word_1_30' title='bbox 1316 343 1506 391; x_wconf 74' lang='lat' dir='ltr'>propriam</span> <span class='ocrx_word' id='word_1_31' title='bbox 1534 340 1698 390; x_wconf 75' lang='lat' dir='ltr'>possidet</span> <span class='ocrx_word' id='word_1_32' title='bbox 1718 354 1726 376; x_wconf 81' lang='lat' dir='ltr'><strong><em>z</em></strong></span> <span class='ocrx_word' id='word_1_33' title='bbox 1748 340 1783 376; x_wconf 91' lang='lat' dir='ltr'>iu</span> <span class='ocrx_word' id='word_1_34' title='bbox 1808 340 1974 376; x_wconf 88' lang='lat' dir='ltr'>seeundo</span> <span class='ocrx_word' id='word_1_35' title='bbox 1993 339 2193 389; x_wconf 90' lang='lat' dir='ltr'>quamdam</span> <span class='ocrx_word' id='word_1_36' title='bbox 2222 353 2300 376; x_wconf 85' lang='lat' dir='ltr'>me-</span> 
     </span>
    </p>
   </div>
   <div class='ocr_carea' id='block_1_5' title="bbox 257 397 1251 1041">
    <p class='ocr_par' dir='ltr' id='par_1_5' title="bbox 259 397 1249 556">
     <span class='ocr_line' id='line_1_5' title="bbox 261 397 1249 447; baseline 0.001 -11"><span class='ocrx_word' id='word_1_37' title='bbox 261 403 458 436; x_wconf 71' lang='lat' dir='ltr'>dilatatum</span> <span class='ocrx_word' id='word_1_38' title='bbox 479 405 570 435; x_wconf 57' lang='lat' dir='ltr'>esst.</span> <span class='ocrx_word' id='word_1_39' title='bbox 600 398 709 435; x_wconf 82' lang='lat' dir='ltr'>Vides</span> <span class='ocrx_word' id='word_1_40' title='bbox 730 397 922 446; x_wconf 90' lang='lat' dir='ltr'>quomodo</span> <span class='ocrx_word' id='word_1_41' title='bbox 947 399 1101 447; x_wconf 78' lang='lat' dir='ltr'>gloriam</span> <span class='ocrx_word' id='word_1_42' title='bbox 1129 409 1164 436; x_wconf 85' lang='lat' dir='ltr'>ct</span> <span class='ocrx_word' id='word_1_43' title='bbox 1196 409 1249 437; x_wconf 80' lang='lat' dir='ltr'>te-</span> 
     </span>
     <span class='ocr_line' id='line_1_6' title="bbox 259 457 1249 508; baseline -0.001 -12"><span class='ocrx_word' id='word_1_44' title='bbox 259 460 474 496; x_wconf 88' lang='lat' dir='ltr'>stimonium</span> <span class='ocrx_word' id='word_1_45' title='bbox 493 457 748 502; x_wconf 70' lang='lat' dir='ltr'>conscicntiae,</span> <span class='ocrx_word' id='word_1_46' title='bbox 777 457 913 494; x_wconf 75' lang='lat' dir='ltr'>divina:</span> <span class='ocrx_word' id='word_1_47' title='bbox 936 467 1098 494; x_wconf 83' lang='lat' dir='ltr'>coarctat</span> <span class='ocrx_word' id='word_1_48' title='bbox 1121 472 1249 508; x_wconf 86' lang='lat' dir='ltr'>respe-</span> 
     </span>
     <span class='ocr_line' id='line_1_7' title="bbox 261 518 569 556; baseline -0.01 -1"><span class='ocrx_word' id='word_1_49' title='bbox 261 528 343 556; x_wconf 86' lang='lat' dir='ltr'>ctus</span> <span class='ocrx_word' id='word_1_50' title='bbox 363 518 569 554; x_wconf 74' lang='lat' dir='ltr'>seutentia‘.</span> 
     </span>
    </p>

    <p class='ocr_par' dir='ltr' id='par_1_6' title="bbox 257 574 1251 1041">
     <span class='ocr_line' id='line_1_8' title="bbox 313 574 1251 624; baseline -0.001 -10"><span class='ocrx_word' id='word_1_51' title='bbox 313 580 348 614; x_wconf 87' lang='lat'>3.</span> <span class='ocrx_word' id='word_1_52' title='bbox 381 581 478 613; x_wconf 84' lang='lat' dir='ltr'>Beue</span> <span class='ocrx_word' id='word_1_53' title='bbox 505 588 594 624; x_wconf 73' lang='lat' dir='ltr'>ergo</span> <span class='ocrx_word' id='word_1_54' title='bbox 620 574 776 611; x_wconf 85' lang='lat' dir='ltr'>lectulus</span> <span class='ocrx_word' id='word_1_55' title='bbox 802 587 906 612; x_wconf 82' lang='lat' dir='ltr'>mens</span> <span class='ocrx_word' id='word_1_56' title='bbox 925 588 1073 621; x_wconf 86' lang='lat' dir='ltr'>secura,</span> <span class='ocrx_word' id='word_1_57' title='bbox 1090 575 1154 612; x_wconf 86' lang='lat' dir='ltr'>sed</span> <span class='ocrx_word' id='word_1_58' title='bbox 1180 577 1251 613; x_wconf 89' lang='lat' dir='ltr'>mi-</span> 
     </span>
     <span class='ocr_line' id='line_1_9' title="bbox 260 633 1250 684; baseline 0 -12"><span class='ocrx_word' id='word_1_59' title='bbox 260 637 360 672; x_wconf 88' lang='lat' dir='ltr'>nime</span> <span class='ocrx_word' id='word_1_60' title='bbox 388 634 570 684; x_wconf 85' lang='lat' dir='ltr'>superl›a;</span> <span class='ocrx_word' id='word_1_61' title='bbox 599 633 746 683; x_wconf 88' lang='lat' dir='ltr'>quieta,</span> <span class='ocrx_word' id='word_1_62' title='bbox 776 646 850 669; x_wconf 89' lang='lat' dir='ltr'>non</span> <span class='ocrx_word' id='word_1_63' title='bbox 878 634 994 680; x_wconf 85' lang='lat' dir='ltr'>elata3</span> <span class='ocrx_word' id='word_1_64' title='bbox 1023 633 1186 671; x_wconf 89' lang='lat' dir='ltr'>bonade</span> <span class='ocrx_word' id='word_1_65' title='bbox 1212 648 1250 672; x_wconf 91' lang='lat' dir='ltr'>se</span> 
     </span>
     <span class='ocr_line' id='line_1_10' title="bbox 259 693 1248 744; baseline 0 -14"><span class='ocrx_word' id='word_1_66' title='bbox 259 695 442 739; x_wconf 87' lang='lat' dir='ltr'>sentiens,</span> <span class='ocrx_word' id='word_1_67' title='bbox 475 693 539 729; x_wconf 88' lang='lat' dir='ltr'>sed</span> <span class='ocrx_word' id='word_1_68' title='bbox 571 693 642 729; x_wconf 93' lang='lat' dir='ltr'>alta</span> <span class='ocrx_word' id='word_1_69' title='bbox 678 706 754 728; x_wconf 89' lang='lat' dir='ltr'>non</span> <span class='ocrx_word' id='word_1_70' title='bbox 788 693 952 742; x_wconf 86' lang='lat' dir='ltr'>sapiens,</span> <span class='ocrx_word' id='word_1_71' title='bbox 983 694 1097 744; x_wconf 82' lang='lat' dir='ltr'>magis</span> <span class='ocrx_word' id='word_1_72' title='bbox 1127 702 1248 730; x_wconf 86' lang='lat' dir='ltr'>autem</span> 
     </span>
     <span class='ocr_line' id='line_1_11' title="bbox 259 751 1250 803; baseline -0.001 -14"><span class='ocrx_word' id='word_1_73' title='bbox 259 761 470 803; x_wconf 87' lang='lat' dir='ltr'>suspectam</span> <span class='ocrx_word' id='word_1_74' title='bbox 493 765 641 801; x_wconf 87' lang='lat' dir='ltr'>semper</span> <span class='ocrx_word' id='word_1_75' title='bbox 665 751 806 788; x_wconf 78' lang='lat' dir='ltr'>liabens</span> <span class='ocrx_word' id='word_1_76' title='bbox 828 753 959 789; x_wconf 79' lang='lat' dir='ltr'>incerti</span> <span class='ocrx_word' id='word_1_77' title='bbox 985 753 1250 802; x_wconf 87' lang='lat' dir='ltr'>noetemjudi-</span> 
     </span>
     <span class='ocr_line' id='line_1_12' title="bbox 259 811 1246 860; baseline 0 -11"><span class='ocrx_word' id='word_1_78' title='bbox 259 813 318 849; x_wconf 88' lang='lat' dir='ltr'>cii.</span> <span class='ocrx_word' id='word_1_79' title='bbox 338 815 380 848; x_wconf 79' lang='lat' dir='ltr'>In</span> <span class='ocrx_word' id='word_1_80' title='bbox 401 814 549 855; x_wconf 75' lang='lat' dir='ltr'>lectulo,</span> <span class='ocrx_word' id='word_1_81' title='bbox 572 811 710 860; x_wconf 86' lang='lat' dir='ltr'>iuquit,</span> <span class='ocrx_word' id='word_1_82' title='bbox 724 825 794 859; x_wconf 75' lang='lat' dir='ltr'>per</span> <span class='ocrx_word' id='word_1_83' title='bbox 806 822 941 849; x_wconf 76' lang='lat' dir='ltr'>noctes.</span> <span class='ocrx_word' id='word_1_84' title='bbox 962 813 1086 849; x_wconf 66' lang='lat' dir='ltr'>Multa?</span> <span class='ocrx_word' id='word_1_85' title='bbox 1104 821 1246 857; x_wconf 86' lang='lat' dir='ltr'>noctes,</span> 
     </span>
     <span class='ocr_line' id='line_1_13' title="bbox 258 871 1249 921; baseline -0.001 -12"><span class='ocrx_word' id='word_1_86' title='bbox 258 873 324 909; x_wconf 81' lang='lat' dir='ltr'>sed</span> <span class='ocrx_word' id='word_1_87' title='bbox 346 885 444 909; x_wconf 90' lang='lat' dir='ltr'>unus</span> <span class='ocrx_word' id='word_1_88' title='bbox 463 871 631 908; x_wconf 85' lang='lat' dir='ltr'>lectulus.</span> <span class='ocrx_word' id='word_1_89' title='bbox 650 872 776 907; x_wconf 79' lang='lat' dir='ltr'>Muttae</span> <span class='ocrx_word' id='word_1_90' title='bbox 795 871 892 907; x_wconf 84' lang='lat' dir='ltr'>euim</span> <span class='ocrx_word' id='word_1_91' title='bbox 913 871 1170 908; x_wconf 65' lang='lat' dir='ltr'>tribulationes</span> <span class='ocrx_word' id='word_1_92' title='bbox 1185 872 1249 921; x_wconf 87' lang='lat' dir='ltr'>ju-</span> 
     </span>
     <span class='ocr_line' id='line_1_14' title="bbox 257 929 1248 979; baseline -0.001 -11"><span class='ocrx_word' id='word_1_93' title='bbox 257 929 431 968; x_wconf 80' lang='lat' dir='ltr'>storum³</span> <span class='ocrx_word' id='word_1_94' title='bbox 456 946 464 968; x_wconf 74' lang='grc' dir='ltr'>ε</span> <span class='ocrx_word' id='word_1_95' title='bbox 491 930 555 967; x_wconf 89' lang='lat' dir='ltr'>sed</span> <span class='ocrx_word' id='word_1_96' title='bbox 577 939 698 966; x_wconf 85' lang='lat' dir='ltr'>tamen</span> <span class='ocrx_word' id='word_1_97' title='bbox 725 930 829 979; x_wconf 86' lang='lat' dir='ltr'>quasi</span> <span class='ocrx_word' id='word_1_98' title='bbox 853 944 929 966; x_wconf 89' lang='lat' dir='ltr'>uon</span> <span class='ocrx_word' id='word_1_99' title='bbox 954 931 1155 967; x_wconf 68' lang='lat' dir='ltr'>sentientes</span> <span class='ocrx_word' id='word_1_100' title='bbox 1181 944 1248 967; x_wconf 89' lang='lat' dir='ltr'>nec</span> 
     </span>
     <span class='ocr_line' id='line_1_15' title="bbox 259 989 1246 1041; baseline -0.002 -14"><span class='ocrx_word' id='word_1_101' title='bbox 259 991 500 1041; x_wconf 87' lang='lat' dir='ltr'>respicientes</span> <span class='ocrx_word' id='word_1_102' title='bbox 535 1003 613 1025; x_wconf 93' lang='lat' dir='ltr'>uno</span> <span class='ocrx_word' id='word_1_103' title='bbox 642 989 835 1025; x_wconf 90' lang='lat' dir='ltr'>dormiunt</span> <span class='ocrx_word' id='word_1_104' title='bbox 868 998 904 1024; x_wconf 82' lang='lat' dir='ltr'>et</span> <span class='ocrx_word' id='word_1_105' title='bbox 938 989 1177 1038; x_wconf 81' lang='lat' dir='ltr'>requiescunt</span> <span class='ocrx_word' id='word_1_106' title='bbox 1209 989 1246 1025; x_wconf 89' lang='lat' dir='ltr'>in</span> 
     </span>
    </p>
   </div>
   <div class='ocr_carea' id='block_1_6' title="bbox 1313 399 2304 1042">
    <p class='ocr_par' dir='ltr' id='par_1_7' title="bbox 1315 399 2304 746">
     <span class='ocr_line' id='line_1_16' title="bbox 1316 399 2301 437; baseline -0.001 -1"><span class='ocrx_word' id='word_1_107' title='bbox 1316 410 1417 437; x_wconf 88' lang='lat' dir='ltr'>retur</span> <span class='ocrx_word' id='word_1_108' title='bbox 1456 399 1762 436; x_wconf 79' lang='lat' dir='ltr'>communitatem</span> <span class='ocrx_word' id='word_1_109' title='bbox 1801 412 1885 436; x_wconf 89' lang='lat' dir='ltr'>cum</span> <span class='ocrx_word' id='word_1_110' title='bbox 1915 399 2051 435; x_wconf 87' lang='lat' dir='ltr'>dilecto</span> <span class='ocrx_word' id='word_1_111' title='bbox 2083 413 2090 434; x_wconf 92' lang='lat'>:</span> <span class='ocrx_word' id='word_1_112' title='bbox 2126 399 2162 435; x_wconf 93' lang='lat' dir='ltr'>in</span> <span class='ocrx_word' id='word_1_113' title='bbox 2192 400 2301 435; x_wconf 86' lang='lat' dir='ltr'>tertio</span> 
     </span>
     <span class='ocr_line' id='line_1_17' title="bbox 1315 457 2303 507; baseline 0 -11"><span class='ocrx_word' id='word_1_114' title='bbox 1315 460 1516 496; x_wconf 76' lang='lat' dir='ltr'>assumitur</span> <span class='ocrx_word' id='word_1_115' title='bbox 1539 468 1573 494; x_wconf 82' lang='lat' dir='ltr'>et</span> <span class='ocrx_word' id='word_1_116' title='bbox 1597 457 1819 495; x_wconf 76' lang='lat' dir='ltr'>absorbetur</span> <span class='ocrx_word' id='word_1_117' title='bbox 1840 459 1877 494; x_wconf 94' lang='lat' dir='ltr'>in</span> <span class='ocrx_word' id='word_1_118' title='bbox 1899 458 2097 507; x_wconf 78' lang='lat' dir='ltr'>(ptatudam</span> <span class='ocrx_word' id='word_1_119' title='bbox 2115 458 2303 496; x_wconf 85' lang='lat' dir='ltr'>charitatis</span> 
     </span>
     <span class='ocr_line' id='line_1_18' title="bbox 1315 517 2302 567; baseline -0.001 -12"><span class='ocrx_word' id='word_1_120' title='bbox 1315 529 1351 555; x_wconf 86' lang='lat' dir='ltr'>et</span> <span class='ocrx_word' id='word_1_121' title='bbox 1380 520 1505 567; x_wconf 67' lang='lat' dir='ltr'>gratiae</span> <span class='ocrx_word' id='word_1_122' title='bbox 1533 520 1723 555; x_wconf 86' lang='lat' dir='ltr'>unitatem.</span> <span class='ocrx_word' id='word_1_123' title='bbox 1751 518 1883 554; x_wconf 79' lang='lat' dir='ltr'>Melior</span> <span class='ocrx_word' id='word_1_124' title='bbox 1907 517 1963 553; x_wconf 79' lang='lat' dir='ltr'>hic</span> <span class='ocrx_word' id='word_1_125' title='bbox 1988 518 2146 554; x_wconf 89' lang='lat' dir='ltr'>lectulus</span> <span class='ocrx_word' id='word_1_126' title='bbox 2173 517 2302 554; x_wconf 85' lang='lat' dir='ltr'>tertius</span> 
     </span>
     <span class='ocr_line' id='line_1_19' title="bbox 1315 576 2304 627; baseline -0.002 -13"><span class='ocrx_word' id='word_1_127' title='bbox 1315 593 1425 627; x_wconf 92' lang='lat' dir='ltr'>quam</span> <span class='ocrx_word' id='word_1_128' title='bbox 1455 578 1658 623; x_wconf 81' lang='lat' dir='ltr'>secundus,</span> <span class='ocrx_word' id='word_1_129' title='bbox 1687 586 1828 626; x_wconf 91' lang='lat' dir='ltr'>quanto</span> <span class='ocrx_word' id='word_1_130' title='bbox 1857 576 2070 626; x_wconf 70' lang='lat' dir='ltr'>expressior</span> <span class='ocrx_word' id='word_1_131' title='bbox 2098 584 2153 612; x_wconf 86' lang='lat' dir='ltr'>est</span> <span class='ocrx_word' id='word_1_132' title='bbox 2181 576 2304 613; x_wconf 85' lang='lat' dir='ltr'>unitas</span> 
     </span>
     <span class='ocr_line' id='line_1_20' title="bbox 1316 635 2303 687; baseline -0.002 -14"><span class='ocrx_word' id='word_1_133' title='bbox 1316 651 1426 687; x_wconf 91' lang='lat' dir='ltr'>quam</span> <span class='ocrx_word' id='word_1_134' title='bbox 1453 637 1711 673; x_wconf 85' lang='lat' dir='ltr'>eonuuunitas.</span> <span class='ocrx_word' id='word_1_135' title='bbox 1742 640 1865 673; x_wconf 86' lang='lat' dir='ltr'>Bonus</span> <span class='ocrx_word' id='word_1_136' title='bbox 1893 644 2015 671; x_wconf 88' lang='lat' dir='ltr'>tamen</span> <span class='ocrx_word' id='word_1_137' title='bbox 2045 635 2207 684; x_wconf 90' lang='lat' dir='ltr'>primus,</span> <span class='ocrx_word' id='word_1_138' title='bbox 2236 648 2303 685; x_wconf 91' lang='lat' dir='ltr'>per</span> 
     </span>
     <span class='ocr_line' id='line_1_21' title="bbox 1316 697 1970 746; baseline -0.003 -13"><span class='ocrx_word' id='word_1_139' title='bbox 1316 711 1426 746; x_wconf 89' lang='lat' dir='ltr'>quem</span> <span class='ocrx_word' id='word_1_140' title='bbox 1448 697 1493 733; x_wconf 93' lang='lat' dir='ltr'>ad</span> <span class='ocrx_word' id='word_1_141' title='bbox 1517 698 1605 732; x_wconf 86' lang='lat' dir='ltr'>istos</span> <span class='ocrx_word' id='word_1_142' title='bbox 1623 705 1776 745; x_wconf 89' lang='lat' dir='ltr'>paratur</span> <span class='ocrx_word' id='word_1_143' title='bbox 1792 709 1970 732; x_wconf 83' lang='lat' dir='ltr'>accessus.</span> 
     </span>
    </p>

    <p class='ocr_par' dir='ltr' id='par_1_8' title="bbox 1313 752 2304 1042">
     <span class='ocr_line' id='line_1_22' title="bbox 1368 752 2304 803; baseline -0.003 -11"><span class='ocrx_word' id='word_1_144' title='bbox 1368 759 1402 792; x_wconf 81' lang='lat'>5.</span> <span class='ocrx_word' id='word_1_145' title='bbox 1433 755 1542 803; x_wconf 88' lang='lat' dir='ltr'>Quod</span> <span class='ocrx_word' id='word_1_146' title='bbox 1569 755 1597 791; x_wconf 87' lang='lat' dir='ltr'>si</span> <span class='ocrx_word' id='word_1_147' title='bbox 1625 755 1670 791; x_wconf 87' lang='lat' dir='ltr'>ad</span> <span class='ocrx_word' id='word_1_148' title='bbox 1696 755 1852 791; x_wconf 85' lang='lat' dir='ltr'>carnalis</span> <span class='ocrx_word' id='word_1_149' title='bbox 1869 754 2093 790; x_wconf 89' lang='lat' dir='ltr'>inlirmitatis</span> <span class='ocrx_word' id='word_1_150' title='bbox 2111 752 2304 790; x_wconf 79' lang='lat' dir='ltr'>illecebras</span> 
     </span>
     <span class='ocr_line' id='line_1_23' title="bbox 1315 814 2303 858; baseline -0.003 -8"><span class='ocrx_word' id='word_1_151' title='bbox 1315 815 1438 851; x_wconf 82' lang='lat' dir='ltr'>lectuli</span> <span class='ocrx_word' id='word_1_152' title='bbox 1460 827 1608 850; x_wconf 88' lang='lat' dir='ltr'>sensum</span> <span class='ocrx_word' id='word_1_153' title='bbox 1635 814 1834 850; x_wconf 84' lang='lat' dir='ltr'>deflectere</span> <span class='ocrx_word' id='word_1_154' title='bbox 1855 814 1967 858; x_wconf 74' lang='lat' dir='ltr'>velis3</span> <span class='ocrx_word' id='word_1_155' title='bbox 1995 826 2063 849; x_wconf 87' lang='lat' dir='ltr'>nec</span> <span class='ocrx_word' id='word_1_156' title='bbox 2087 826 2208 858; x_wconf 87' lang='lat' dir='ltr'>erras,</span> <span class='ocrx_word' id='word_1_157' title='bbox 2237 826 2303 849; x_wconf 87' lang='lat' dir='ltr'>nee</span> 
     </span>
     <span class='ocr_line' id='line_1_24' title="bbox 1315 871 2303 921; baseline -0.003 -11"><span class='ocrx_word' id='word_1_158' title='bbox 1315 873 1459 910; x_wconf 84' lang='lat' dir='ltr'>laboras</span> <span class='ocrx_word' id='word_1_159' title='bbox 1477 874 1527 909; x_wconf 87' lang='lat' dir='ltr'>sic</span> <span class='ocrx_word' id='word_1_160' title='bbox 1544 872 1779 921; x_wconf 76' lang='lat' dir='ltr'>assignando.</span> <span class='ocrx_word' id='word_1_161' title='bbox 1801 872 1921 909; x_wconf 90' lang='lat' dir='ltr'>Solius</span> <span class='ocrx_word' id='word_1_162' title='bbox 1947 872 2046 907; x_wconf 89' lang='lat' dir='ltr'>enim</span> <span class='ocrx_word' id='word_1_163' title='bbox 2064 884 2211 921; x_wconf 88' lang='lat' dir='ltr'>sponsae</span> <span class='ocrx_word' id='word_1_164' title='bbox 2234 871 2303 907; x_wconf 87' lang='lat' dir='ltr'>sub</span> 
     </span>
     <span class='ocr_line' id='line_1_25' title="bbox 1314 931 2304 974; baseline -0.003 -5"><span class='ocrx_word' id='word_1_165' title='bbox 1314 933 1384 969; x_wconf 78' lang='lat' dir='ltr'>hoc</span> <span class='ocrx_word' id='word_1_166' title='bbox 1412 933 1601 968; x_wconf 89' lang='lat' dir='ltr'>intellectu</span> <span class='ocrx_word' id='word_1_167' title='bbox 1629 932 1786 968; x_wconf 87' lang='lat' dir='ltr'>lectulus</span> <span class='ocrx_word' id='word_1_168' title='bbox 1814 939 1885 974; x_wconf 88' lang='lat' dir='ltr'>cst,</span> <span class='ocrx_word' id='word_1_169' title='bbox 1913 944 1981 967; x_wconf 89' lang='lat' dir='ltr'>nec</span> <span class='ocrx_word' id='word_1_170' title='bbox 2007 931 2304 967; x_wconf 86' lang='lat' dir='ltr'>communicatur</span> 
     </span>
     <span class='ocr_line' id='line_1_26' title="bbox 1313 989 2301 1042; baseline -0.003 -15"><span class='ocrx_word' id='word_1_171' title='bbox 1313 1005 1466 1042; x_wconf 86' lang='lat' dir='ltr'>sponso.</span> <span class='ocrx_word' id='word_1_172' title='bbox 1484 995 1576 1028; x_wconf 59' lang='lat' dir='ltr'>Ram</span> <span class='ocrx_word' id='word_1_173' title='bbox 1600 991 1667 1027; x_wconf 90' lang='lat' dir='ltr'>etsi</span> <span class='ocrx_word' id='word_1_174' title='bbox 1687 990 1861 1026; x_wconf 79' lang='lat' dir='ltr'>novimus</span> <span class='ocrx_word' id='word_1_175' title='bbox 1885 989 2070 1027; x_wconf 83' lang='lat' dir='ltr'>Christum</span> <span class='ocrx_word' id='word_1_176' title='bbox 2097 989 2301 1026; x_wconf 88' lang='lat' dir='ltr'>secundum</span> 
     </span>
    </p>
   </div>
   <div class='ocr_carea' id='block_1_7' title="bbox 257 1049 2302 1098">
    <p class='ocr_par' dir='ltr' id='par_1_9' title="bbox 257 1049 2302 1098">
     <span class='ocr_line' id='line_1_27' title="bbox 257 1049 2302 1098; baseline -0.001 -11"><span class='ocrx_word' id='word_1_177' title='bbox 257 1051 409 1095; x_wconf 88' lang='lat' dir='ltr'>lectulo,</span> <span class='ocrx_word' id='word_1_178' title='bbox 430 1050 466 1086; x_wconf 91' lang='lat' dir='ltr'>in</span> <span class='ocrx_word' id='word_1_179' title='bbox 487 1062 529 1086; x_wconf 89' lang='lat' dir='ltr'>ea</span> <span class='ocrx_word' id='word_1_180' title='bbox 547 1049 583 1085; x_wconf 90' lang='lat' dir='ltr'>in</span> <span class='ocrx_word' id='word_1_181' title='bbox 612 1062 685 1098; x_wconf 90' lang='lat' dir='ltr'>qua</span> <span class='ocrx_word' id='word_1_182' title='bbox 707 1049 827 1084; x_wconf 79' lang='lat' dir='ltr'>vocati</span> <span class='ocrx_word' id='word_1_183' title='bbox 844 1061 972 1084; x_wconf 90' lang='lat' dir='ltr'>sumus</span> <span class='ocrx_word' id='word_1_184' title='bbox 994 1062 1067 1085; x_wconf 88' lang='lat' dir='ltr'>una</span> <span class='ocrx_word' id='word_1_185' title='bbox 1092 1061 1157 1098; x_wconf 90' lang='lat' dir='ltr'>spe</span> <span class='ocrx_word' id='word_1_186' title='bbox 1178 1062 1247 1085; x_wconf 91' lang='lat' dir='ltr'>vo·</span> <span class='ocrx_word' id='word_1_187' title='bbox 1266 1051 1294 1085; x_wconf 92' lang='lat' dir='ltr'>B</span> <span class='ocrx_word' id='word_1_188' title='bbox 1314 1063 1483 1096; x_wconf 88' lang='lat' dir='ltr'>carnem,</span> <span class='ocrx_word' id='word_1_189' title='bbox 1507 1049 1712 1086; x_wconf 89' lang='lat' dir='ltr'>secundum</span> <span class='ocrx_word' id='word_1_190' title='bbox 1735 1049 1857 1085; x_wconf 88' lang='lat' dir='ltr'>carnis</span> <span class='ocrx_word' id='word_1_191' title='bbox 1884 1049 2226 1097; x_wconf 85' lang='lat' dir='ltr'>concupiscentiam</span> <span class='ocrx_word' id='word_1_192' title='bbox 2250 1057 2302 1085; x_wconf 85' lang='lat' dir='ltr'>ta-</span> 
     </span>
    </p>
   </div>
   <div class='ocr_carea' id='block_1_8' title="bbox 253 1107 1249 1806">
    <p class='ocr_par' dir='ltr' id='par_1_10' title="bbox 253 1107 1249 1748">
     <span class='ocr_line' id='line_1_28' title="bbox 257 1107 1249 1147; baseline -0.001 -1"><span class='ocrx_word' id='word_1_193' title='bbox 257 1110 413 1147; x_wconf 87' lang='lat' dir='ltr'>cationis</span> <span class='ocrx_word' id='word_1_194' title='bbox 428 1117 575 1145; x_wconf 76' lang='lat' dir='ltr'>nostrae.</span> <span class='ocrx_word' id='word_1_195' title='bbox 592 1108 739 1144; x_wconf 79' lang='lat' dir='ltr'>Transit</span> <span class='ocrx_word' id='word_1_196' title='bbox 756 1121 831 1144; x_wconf 83' lang='lat' dir='ltr'>uox</span> <span class='ocrx_word' id='word_1_197' title='bbox 846 1116 882 1144; x_wconf 90' lang='lat' dir='ltr'>et</span> <span class='ocrx_word' id='word_1_198' title='bbox 900 1121 973 1144; x_wconf 83' lang='lat' dir='ltr'>nox</span> <span class='ocrx_word' id='word_1_199' title='bbox 992 1122 1000 1144; x_wconf 92' lang='lat'>:</span> <span class='ocrx_word' id='word_1_200' title='bbox 1020 1107 1084 1144; x_wconf 87' lang='lat' dir='ltr'>sed</span> <span class='ocrx_word' id='word_1_201' title='bbox 1106 1108 1155 1144; x_wconf 92' lang='lat' dir='ltr'>illi</span> <span class='ocrx_word' id='word_1_202' title='bbox 1175 1121 1249 1145; x_wconf 89' lang='lat' dir='ltr'>non</span> 
     </span>
     <span class='ocr_line' id='line_1_29' title="bbox 257 1166 1249 1216; baseline -0.002 -11"><span class='ocrx_word' id='word_1_203' title='bbox 257 1168 435 1205; x_wconf 86' lang='lat' dir='ltr'>deserunt</span> <span class='ocrx_word' id='word_1_204' title='bbox 467 1166 746 1216; x_wconf 79' lang='lat' dir='ltr'>tranquillitatis</span> <span class='ocrx_word' id='word_1_205' title='bbox 784 1179 859 1203; x_wconf 82' lang='lat' dir='ltr'>suae</span> <span class='ocrx_word' id='word_1_206' title='bbox 897 1167 1094 1212; x_wconf 87' lang='lat' dir='ltr'>lectulum,</span> <span class='ocrx_word' id='word_1_207' title='bbox 1128 1167 1249 1203; x_wconf 88' lang='lat' dir='ltr'>donec</span> 
     </span>
     <span class='ocr_line' id='line_1_30' title="bbox 258 1226 1248 1275; baseline -0.001 -11"><span class='ocrx_word' id='word_1_208' title='bbox 258 1236 334 1264; x_wconf 90' lang='lat' dir='ltr'>tota</span> <span class='ocrx_word' id='word_1_209' title='bbox 364 1235 525 1264; x_wconf 87' lang='lat' dir='ltr'>transeat</span> <span class='ocrx_word' id='word_1_210' title='bbox 554 1226 740 1275; x_wconf 88' lang='lat' dir='ltr'>iniquitas.</span> <span class='ocrx_word' id='word_1_211' title='bbox 770 1226 896 1262; x_wconf 86' lang='lat' dir='ltr'>Multae</span> <span class='ocrx_word' id='word_1_212' title='bbox 924 1235 1071 1271; x_wconf 89' lang='lat' dir='ltr'>noctes,</span> <span class='ocrx_word' id='word_1_213' title='bbox 1102 1235 1138 1262; x_wconf 87' lang='lat' dir='ltr'>et</span> <span class='ocrx_word' id='word_1_214' title='bbox 1166 1227 1248 1263; x_wconf 82' lang='lat' dir='ltr'>altae</span> 
     </span>
     <span class='ocr_line' id='line_1_31' title="bbox 257 1283 1247 1323; baseline -0.001 0"><span class='ocrx_word' id='word_1_215' title='bbox 257 1285 422 1323; x_wconf 79' lang='lat' dir='ltr'>tenebrae</span> <span class='ocrx_word' id='word_1_216' title='bbox 443 1301 451 1322; x_wconf 79' lang='lat' dir='ltr'><strong><em>z</em></strong></span> <span class='ocrx_word' id='word_1_217' title='bbox 473 1285 536 1322; x_wconf 91' lang='lat' dir='ltr'>sed</span> <span class='ocrx_word' id='word_1_218' title='bbox 568 1293 690 1321; x_wconf 88' lang='lat' dir='ltr'>tamen</span> <span class='ocrx_word' id='word_1_219' title='bbox 725 1283 772 1320; x_wconf 80' lang='lat' dir='ltr'>al)</span> <span class='ocrx_word' id='word_1_220' title='bbox 799 1285 996 1321; x_wconf 85' lang='lat' dir='ltr'>altitudine</span> <span class='ocrx_word' id='word_1_221' title='bbox 1023 1286 1142 1322; x_wconf 89' lang='lat' dir='ltr'>noctis</span> <span class='ocrx_word' id='word_1_222' title='bbox 1172 1298 1247 1322; x_wconf 92' lang='lat' dir='ltr'>non</span> 
     </span>
     <span class='ocr_line' id='line_1_32' title="bbox 258 1343 1246 1393; baseline -0.001 -12"><span class='ocrx_word' id='word_1_223' title='bbox 258 1346 409 1390; x_wconf 86' lang='lat' dir='ltr'>timent,</span> <span class='ocrx_word' id='word_1_224' title='bbox 430 1358 498 1381; x_wconf 83' lang='lat' dir='ltr'>nec</span> <span class='ocrx_word' id='word_1_225' title='bbox 514 1343 726 1390; x_wconf 87' lang='lat' dir='ltr'>turbantur,</span> <span class='ocrx_word' id='word_1_226' title='bbox 743 1343 830 1392; x_wconf 91' lang='lat' dir='ltr'>quia</span> <span class='ocrx_word' id='word_1_227' title='bbox 846 1352 997 1393; x_wconf 87' lang='lat' dir='ltr'>sperant</span> <span class='ocrx_word' id='word_1_228' title='bbox 1014 1344 1050 1380; x_wconf 92' lang='lat' dir='ltr'>in</span> <span class='ocrx_word' id='word_1_229' title='bbox 1071 1345 1246 1381; x_wconf 88' lang='lat' dir='ltr'>Domino.</span> 
     </span>
     <span class='ocr_line' id='line_1_33' title="bbox 257 1402 1248 1452; baseline 0 -12"><span class='ocrx_word' id='word_1_230' title='bbox 257 1407 339 1441; x_wconf 82' lang='lat' dir='ltr'>Non</span> <span class='ocrx_word' id='word_1_231' title='bbox 360 1404 491 1440; x_wconf 85' lang='lat' dir='ltr'>timent</span> <span class='ocrx_word' id='word_1_232' title='bbox 506 1416 527 1439; x_wconf 90' lang='lat' dir='ltr'>a</span> <span class='ocrx_word' id='word_1_233' title='bbox 547 1402 736 1447; x_wconf 88' lang='lat' dir='ltr'>noctibus,</span> <span class='ocrx_word' id='word_1_234' title='bbox 754 1402 818 1451; x_wconf 93' lang='lat' dir='ltr'>qui</span> <span class='ocrx_word' id='word_1_235' title='bbox 836 1403 873 1438; x_wconf 93' lang='lat' dir='ltr'>in</span> <span class='ocrx_word' id='word_1_236' title='bbox 890 1402 1000 1451; x_wconf 80' lang='lat' dir='ltr'>liujus</span> <span class='ocrx_word' id='word_1_237' title='bbox 1015 1403 1094 1452; x_wconf 88' lang='lat' dir='ltr'>spei</span> <span class='ocrx_word' id='word_1_238' title='bbox 1114 1404 1248 1440; x_wconf 90' lang='lat' dir='ltr'>lectulo</span> 
     </span>
     <span class='ocr_line' id='line_1_34' title="bbox 258 1461 1248 1513; baseline -0.001 -13"><span class='ocrx_word' id='word_1_239' title='bbox 258 1464 471 1513; x_wconf 88' lang='lat' dir='ltr'>quiescunt.</span> <span class='ocrx_word' id='word_1_240' title='bbox 496 1466 587 1499; x_wconf 75' lang='lat' dir='ltr'>Nam</span> <span class='ocrx_word' id='word_1_241' title='bbox 613 1470 649 1498; x_wconf 89' lang='lat' dir='ltr'>et</span> <span class='ocrx_word' id='word_1_242' title='bbox 672 1462 751 1511; x_wconf 89' lang='lat' dir='ltr'>ipse</span> <span class='ocrx_word' id='word_1_243' title='bbox 778 1462 886 1498; x_wconf 77' lang='lat' dir='ltr'>novit</span> <span class='ocrx_word' id='word_1_244' title='bbox 912 1461 1000 1498; x_wconf 91' lang='lat' dir='ltr'>dare</span> <span class='ocrx_word' id='word_1_245' title='bbox 1027 1462 1192 1499; x_wconf 91' lang='lat' dir='ltr'>carmina</span> <span class='ocrx_word' id='word_1_246' title='bbox 1211 1463 1248 1499; x_wconf 93' lang='lat' dir='ltr'>in</span> 
     </span>
     <span class='ocr_line' id='line_1_35' title="bbox 255 1519 1249 1559; baseline -0.001 -1"><span class='ocrx_word' id='word_1_247' title='bbox 255 1531 366 1559; x_wconf 86' lang='lat' dir='ltr'>noete</span> <span class='ocrx_word' id='word_1_248' title='bbox 392 1519 671 1559; x_wconf 60' lang='lat' dir='ltr'>tribulationis⁴</span> <span class='ocrx_word' id='word_1_249' title='bbox 694 1535 702 1556; x_wconf 72' lang='grc' dir='ltr'><strong><em>ε</em></strong></span> <span class='ocrx_word' id='word_1_250' title='bbox 724 1520 815 1556; x_wconf 87' lang='lat' dir='ltr'>etin</span> <span class='ocrx_word' id='word_1_251' title='bbox 838 1528 948 1556; x_wconf 85' lang='lat' dir='ltr'>nocte</span> <span class='ocrx_word' id='word_1_252' title='bbox 977 1520 1130 1556; x_wconf 87' lang='lat' dir='ltr'>mandat</span> <span class='ocrx_word' id='word_1_253' title='bbox 1158 1533 1249 1557; x_wconf 88' lang='lat' dir='ltr'>can-</span> 
     </span>
     <span class='ocr_line' id='line_1_36' title="bbox 257 1579 1247 1630; baseline -0.005 -12"><span class='ocrx_word' id='word_1_254' title='bbox 257 1583 370 1618; x_wconf 93' lang='lat' dir='ltr'>ticum</span> <span class='ocrx_word' id='word_1_255' title='bbox 389 1580 470 1630; x_wconf 88' lang='lat' dir='ltr'>ejus</span> <span class='ocrx_word' id='word_1_256' title='bbox 486 1579 512 1616; x_wconf 90' lang='lat'>⁵.</span> <span class='ocrx_word' id='word_1_257' title='bbox 533 1580 737 1629; x_wconf 79' lang='lat' dir='ltr'>Accepistis</span> <span class='ocrx_word' id='word_1_258' title='bbox 759 1592 874 1628; x_wconf 89' lang='lat' dir='ltr'>quare</span> <span class='ocrx_word' id='word_1_259' title='bbox 900 1592 1038 1629; x_wconf 85' lang='lat' dir='ltr'>sponsa</span> <span class='ocrx_word' id='word_1_260' title='bbox 1063 1579 1152 1616; x_wconf 89' lang='lat' dir='ltr'>dicit</span> <span class='ocrx_word' id='word_1_261' title='bbox 1177 1593 1247 1615; x_wconf 82' lang='lat' dir='ltr'>no-</span> 
     </span>
     <span class='ocr_line' id='line_1_37' title="bbox 253 1637 1243 1688; baseline 0 -13"><span class='ocrx_word' id='word_1_262' title='bbox 253 1649 349 1684; x_wconf 82' lang='lat' dir='ltr'>ctes;</span> <span class='ocrx_word' id='word_1_263' title='bbox 377 1648 413 1677; x_wconf 90' lang='lat' dir='ltr'>et</span> <span class='ocrx_word' id='word_1_264' title='bbox 436 1651 552 1688; x_wconf 87' lang='lat' dir='ltr'>quare</span> <span class='ocrx_word' id='word_1_265' title='bbox 583 1639 736 1688; x_wconf 85' lang='lat' dir='ltr'>plures:</span> <span class='ocrx_word' id='word_1_266' title='bbox 756 1651 872 1687; x_wconf 88' lang='lat' dir='ltr'>quare</span> <span class='ocrx_word' id='word_1_267' title='bbox 901 1638 1057 1675; x_wconf 89' lang='lat' dir='ltr'>lectulus</span> <span class='ocrx_word' id='word_1_268' title='bbox 1084 1637 1243 1684; x_wconf 84' lang='lat' dir='ltr'>dicatur,</span> 
     </span>
     <span class='ocr_line' id='line_1_38' title="bbox 253 1707 554 1748; baseline -0.007 -13"><span class='ocrx_word' id='word_1_269' title='bbox 253 1707 290 1735; x_wconf 88' lang='lat' dir='ltr'>et</span> <span class='ocrx_word' id='word_1_270' title='bbox 311 1711 427 1748; x_wconf 87' lang='lat' dir='ltr'>quare</span> <span class='ocrx_word' id='word_1_271' title='bbox 445 1710 554 1736; x_wconf 85' lang='lat' dir='ltr'>unuS.</span> 
     </span>
    </p>

    <p class='ocr_par' dir='ltr' id='par_1_11' title="bbox 306 1755 1242 1806">
     <span class='ocr_line' id='line_1_39' title="bbox 306 1755 1242 1806; baseline -0.005 -11"><span class='ocrx_word' id='word_1_272' title='bbox 306 1758 342 1795; x_wconf 79' lang='lat'>4.</span> <span class='ocrx_word' id='word_1_273' title='bbox 372 1762 479 1795; x_wconf 75' lang='lat' dir='ltr'>Nunc</span> <span class='ocrx_word' id='word_1_274' title='bbox 498 1756 652 1806; x_wconf 88' lang='lat' dir='ltr'>aecipite</span> <span class='ocrx_word' id='word_1_275' title='bbox 669 1768 784 1805; x_wconf 84' lang='lat' dir='ltr'>quare</span> <span class='ocrx_word' id='word_1_276' title='bbox 800 1755 899 1792; x_wconf 87' lang='lat' dir='ltr'>dicat</span> <span class='ocrx_word' id='word_1_277' title='bbox 915 1768 1071 1805; x_wconf 86' lang='lat' dir='ltr'>sponsa,</span> <span class='ocrx_word' id='word_1_278' title='bbox 1094 1760 1131 1791; x_wconf 81' lang='lat' dir='ltr'>in</span> <span class='ocrx_word' id='word_1_279' title='bbox 1151 1769 1242 1791; x_wconf 85' lang='lat' dir='ltr'>meo.</span> 
     </span>
    </p>
   </div>
   <div class='ocr_carea' id='block_1_9' title="bbox 1310 1107 2305 1804">
    <p class='ocr_par' dir='ltr' id='par_1_12' title="bbox 1310 1107 2305 1804">
     <span class='ocr_line' id='line_1_40' title="bbox 1314 1107 2304 1156; baseline -0.002 -10"><span class='ocrx_word' id='word_1_280' title='bbox 1314 1123 1399 1146; x_wconf 90' lang='lat' dir='ltr'>men</span> <span class='ocrx_word' id='word_1_281' title='bbox 1430 1123 1507 1146; x_wconf 93' lang='lat' dir='ltr'>non</span> <span class='ocrx_word' id='word_1_282' title='bbox 1541 1109 1724 1145; x_wconf 89' lang='lat' dir='ltr'>novimus.</span> <span class='ocrx_word' id='word_1_283' title='bbox 1754 1108 1972 1145; x_wconf 90' lang='lat' dir='ltr'>Communis</span> <span class='ocrx_word' id='word_1_284' title='bbox 1998 1107 2151 1156; x_wconf 87' lang='lat' dir='ltr'>quidem</span> <span class='ocrx_word' id='word_1_285' title='bbox 2183 1108 2304 1144; x_wconf 81' lang='lat' dir='ltr'>carnis</span> 
     </span>
     <span class='ocr_line' id='line_1_41' title="bbox 1314 1167 2304 1215; baseline -0.002 -10"><span class='ocrx_word' id='word_1_286' title='bbox 1314 1177 1466 1215; x_wconf 90' lang='lat' dir='ltr'>natura,</span> <span class='ocrx_word' id='word_1_287' title='bbox 1485 1169 1548 1206; x_wconf 88' lang='lat' dir='ltr'>sed</span> <span class='ocrx_word' id='word_1_288' title='bbox 1568 1181 1644 1205; x_wconf 89' lang='lat' dir='ltr'>non</span> <span class='ocrx_word' id='word_1_289' title='bbox 1665 1177 1720 1205; x_wconf 87' lang='lat' dir='ltr'>est</span> <span class='ocrx_word' id='word_1_290' title='bbox 1739 1168 1947 1204; x_wconf 87' lang='lat' dir='ltr'>communis</span> <span class='ocrx_word' id='word_1_291' title='bbox 1967 1167 2018 1203; x_wconf 91' lang='lat' dir='ltr'>illi</span> <span class='ocrx_word' id='word_1_292' title='bbox 2038 1168 2160 1204; x_wconf 87' lang='lat' dir='ltr'>carnis</span> <span class='ocrx_word' id='word_1_293' title='bbox 2178 1167 2304 1204; x_wconf 87' lang='lat' dir='ltr'>illece-</span> 
     </span>
     <span class='ocr_line' id='line_1_42' title="bbox 1313 1227 2302 1272; baseline -0.002 -8"><span class='ocrx_word' id='word_1_294' title='bbox 1313 1227 1391 1265; x_wconf 90' lang='lat' dir='ltr'>bra.</span> <span class='ocrx_word' id='word_1_295' title='bbox 1418 1232 1499 1265; x_wconf 70' lang='lat' dir='ltr'>Non</span> <span class='ocrx_word' id='word_1_296' title='bbox 1530 1228 1706 1264; x_wconf 81' lang='lat' dir='ltr'>refutavit</span> <span class='ocrx_word' id='word_1_297' title='bbox 1733 1228 1869 1263; x_wconf 88' lang='lat' dir='ltr'>lectum</span> <span class='ocrx_word' id='word_1_298' title='bbox 1898 1227 2038 1263; x_wconf 90' lang='lat' dir='ltr'>doloris</span> <span class='ocrx_word' id='word_1_299' title='bbox 2069 1227 2210 1272; x_wconf 88' lang='lat' dir='ltr'>nostri,</span> <span class='ocrx_word' id='word_1_300' title='bbox 2240 1227 2302 1264; x_wconf 86' lang='lat' dir='ltr'>sed</span> 
     </span>
     <span class='ocr_line' id='line_1_43' title="bbox 1316 1285 2304 1335; baseline -0.001 -12"><span class='ocrx_word' id='word_1_301' title='bbox 1316 1299 1390 1323; x_wconf 91' lang='lat' dir='ltr'>non</span> <span class='ocrx_word' id='word_1_302' title='bbox 1409 1300 1446 1323; x_wconf 90' lang='lat' dir='ltr'>se</span> <span class='ocrx_word' id='word_1_303' title='bbox 1468 1287 1660 1323; x_wconf 80' lang='lat' dir='ltr'>reclinavit</span> <span class='ocrx_word' id='word_1_304' title='bbox 1678 1299 1795 1335; x_wconf 89' lang='lat' dir='ltr'>usque</span> <span class='ocrx_word' id='word_1_305' title='bbox 1817 1285 1862 1321; x_wconf 88' lang='lat' dir='ltr'>ad</span> <span class='ocrx_word' id='word_1_306' title='bbox 1883 1298 2030 1321; x_wconf 89' lang='lat' dir='ltr'>sensum</span> <span class='ocrx_word' id='word_1_307' title='bbox 2049 1285 2304 1322; x_wconf 82' lang='lat' dir='ltr'>delectationis</span> 
     </span>
     <span class='ocr_line' id='line_1_44' title="bbox 1314 1345 2304 1393; baseline -0.002 -11"><span class='ocrx_word' id='word_1_308' title='bbox 1314 1355 1462 1382; x_wconf 86' lang='lat' dir='ltr'>nostrae.</span> <span class='ocrx_word' id='word_1_309' title='bbox 1482 1345 1572 1382; x_wconf 90' lang='lat' dir='ltr'>Ideo</span> <span class='ocrx_word' id='word_1_310' title='bbox 1587 1358 1671 1381; x_wconf 91' lang='lat' dir='ltr'>cum</span> <span class='ocrx_word' id='word_1_311' title='bbox 1689 1345 1800 1381; x_wconf 89' lang='lat' dir='ltr'>istum</span> <span class='ocrx_word' id='word_1_312' title='bbox 1820 1345 2006 1393; x_wconf 77' lang='lat' dir='ltr'>designat,</span> <span class='ocrx_word' id='word_1_313' title='bbox 2023 1349 2061 1380; x_wconf 84' lang='lat' dir='ltr'>in</span> <span class='ocrx_word' id='word_1_314' title='bbox 2079 1347 2209 1381; x_wconf 82' lang='lat' dir='ltr'>lectulo</span> <span class='ocrx_word' id='word_1_315' title='bbox 2225 1359 2304 1381; x_wconf 77' lang='lat' dir='ltr'>meo</span> 
     </span>
     <span class='ocr_line' id='line_1_45' title="bbox 1314 1403 2304 1453; baseline 0 -13"><span class='ocrx_word' id='word_1_316' title='bbox 1314 1404 1423 1451; x_wconf 82' lang='lat' dir='ltr'>dicit3</span> <span class='ocrx_word' id='word_1_317' title='bbox 1446 1417 1521 1441; x_wconf 88' lang='lat' dir='ltr'>non</span> <span class='ocrx_word' id='word_1_318' title='bbox 1543 1405 1805 1450; x_wconf 90' lang='lat' dir='ltr'>communiter,</span> <span class='ocrx_word' id='word_1_319' title='bbox 1825 1407 1868 1441; x_wconf 92' lang='lat' dir='ltr'>In</span> <span class='ocrx_word' id='word_1_320' title='bbox 1900 1412 2040 1440; x_wconf 88' lang='lat' dir='ltr'>nostro.</span> <span class='ocrx_word' id='word_1_321' title='bbox 2065 1403 2163 1441; x_wconf 84' lang='lat' dir='ltr'>Alibi</span> <span class='ocrx_word' id='word_1_322' title='bbox 2189 1405 2304 1453; x_wconf 88' lang='lat' dir='ltr'>siqui—</span> 
     </span>
     <span class='ocr_line' id='line_1_46' title="bbox 1315 1461 2304 1513; baseline -0.001 -13"><span class='ocrx_word' id='word_1_323' title='bbox 1315 1463 1399 1500; x_wconf 86' lang='lat' dir='ltr'>dem</span> <span class='ocrx_word' id='word_1_324' title='bbox 1437 1464 1573 1513; x_wconf 82' lang='lat' dir='ltr'>legitur</span> <span class='ocrx_word' id='word_1_325' title='bbox 1601 1478 1608 1500; x_wconf 93' lang='lat'><strong>:</strong></span> <span class='ocrx_word' id='word_1_326' title='bbox 1639 1466 1807 1499; x_wconf 77' lang='lat' dir='ltr'>Leclulus</span> <span class='ocrx_word' id='word_1_327' title='bbox 1845 1472 1968 1498; x_wconf 76' lang='lat' dir='ltr'>noster</span> <span class='ocrx_word' id='word_1_328' title='bbox 1986 1464 2150 1511; x_wconf 83' lang='lat' dir='ltr'>floridus</span> <span class='ocrx_word' id='word_1_329' title='bbox 2174 1461 2202 1499; x_wconf 79' lang='lat'>⁶.</span> <span class='ocrx_word' id='word_1_330' title='bbox 2232 1464 2304 1511; x_wconf 85' lang='lat' dir='ltr'>Qui</span> 
     </span>
     <span class='ocr_line' id='line_1_47' title="bbox 1314 1522 2305 1569; baseline -0.001 -9"><span class='ocrx_word' id='word_1_331' title='bbox 1314 1523 1524 1560; x_wconf 90' lang='lat' dir='ltr'>communis</span> <span class='ocrx_word' id='word_1_332' title='bbox 1547 1531 1621 1569; x_wconf 90' lang='lat' dir='ltr'>est,</span> <span class='ocrx_word' id='word_1_333' title='bbox 1646 1523 1801 1559; x_wconf 77' lang='lat' dir='ltr'>floridus</span> <span class='ocrx_word' id='word_1_334' title='bbox 1823 1531 1897 1567; x_wconf 86' lang='lat' dir='ltr'>est,</span> <span class='ocrx_word' id='word_1_335' title='bbox 1915 1523 2109 1559; x_wconf 74' lang='lat' dir='ltr'>vetustatis</span> <span class='ocrx_word' id='word_1_336' title='bbox 2129 1522 2219 1559; x_wconf 89' lang='lat' dir='ltr'>nihil</span> <span class='ocrx_word' id='word_1_337' title='bbox 2239 1522 2305 1559; x_wconf 80' lang='lat' dir='ltr'>lia-</span> 
     </span>
     <span class='ocr_line' id='line_1_48' title="bbox 1313 1581 2302 1632; baseline 0 -14"><span class='ocrx_word' id='word_1_338' title='bbox 1313 1581 1424 1628; x_wconf 88' lang='lat' dir='ltr'>bens,</span> <span class='ocrx_word' id='word_1_339' title='bbox 1443 1583 1494 1618; x_wconf 93' lang='lat' dir='ltr'>nil</span> <span class='ocrx_word' id='word_1_340' title='bbox 1519 1582 1786 1632; x_wconf 89' lang='lat' dir='ltr'>corruptionis.</span> <span class='ocrx_word' id='word_1_341' title='bbox 1812 1581 1972 1629; x_wconf 88' lang='lat' dir='ltr'>Quando</span> <span class='ocrx_word' id='word_1_342' title='bbox 1989 1595 2080 1618; x_wconf 72' lang='lat' dir='ltr'>vero</span> <span class='ocrx_word' id='word_1_343' title='bbox 2106 1582 2302 1631; x_wconf 89' lang='lat' dir='ltr'>proprium</span> 
     </span>
     <span class='ocr_line' id='line_1_49' title="bbox 1311 1639 2299 1685; baseline 0 -9"><span class='ocrx_word' id='word_1_344' title='bbox 1311 1653 1419 1677; x_wconf 90' lang='lat' dir='ltr'>suum</span> <span class='ocrx_word' id='word_1_345' title='bbox 1438 1641 1616 1676; x_wconf 84' lang='lat' dir='ltr'>lectulum</span> <span class='ocrx_word' id='word_1_346' title='bbox 1634 1640 1744 1685; x_wconf 87' lang='lat' dir='ltr'>dicit,</span> <span class='ocrx_word' id='word_1_347' title='bbox 1769 1640 1870 1676; x_wconf 93' lang='lat' dir='ltr'>nulla</span> <span class='ocrx_word' id='word_1_348' title='bbox 1888 1639 1938 1675; x_wconf 90' lang='lat' dir='ltr'>ibi</span> <span class='ocrx_word' id='word_1_349' title='bbox 1961 1640 2001 1675; x_wconf 85' lang='lat' dir='ltr'>fit</span> <span class='ocrx_word' id='word_1_350' title='bbox 2024 1639 2165 1676; x_wconf 90' lang='lat' dir='ltr'>mentio</span> <span class='ocrx_word' id='word_1_351' title='bbox 2182 1639 2299 1676; x_wconf 87' lang='lat' dir='ltr'>floris.</span> 
     </span>
     <span class='ocr_line' id='line_1_50' title="bbox 1310 1698 2302 1749; baseline -0.002 -13"><span class='ocrx_word' id='word_1_352' title='bbox 1310 1704 1406 1738; x_wconf 90' lang='lat' dir='ltr'>Suus</span> <span class='ocrx_word' id='word_1_353' title='bbox 1442 1712 1590 1749; x_wconf 80' lang='lat' dir='ltr'>sponsae</span> <span class='ocrx_word' id='word_1_354' title='bbox 1623 1699 1683 1736; x_wconf 88' lang='lat' dir='ltr'>hic</span> <span class='ocrx_word' id='word_1_355' title='bbox 1710 1708 1784 1744; x_wconf 90' lang='lat' dir='ltr'>est,</span> <span class='ocrx_word' id='word_1_356' title='bbox 1813 1699 1877 1735; x_wconf 91' lang='lat' dir='ltr'>sed</span> <span class='ocrx_word' id='word_1_357' title='bbox 1906 1698 2072 1735; x_wconf 85' lang='lat' dir='ltr'>insuavis</span> <span class='ocrx_word' id='word_1_358' title='bbox 2101 1706 2157 1735; x_wconf 89' lang='lat' dir='ltr'>est</span> <span class='ocrx_word' id='word_1_359' title='bbox 2186 1713 2194 1735; x_wconf 78' lang='lat' dir='ltr'><strong><em>z</em></strong></span> <span class='ocrx_word' id='word_1_360' title='bbox 2228 1711 2302 1735; x_wconf 89' lang='lat' dir='ltr'>non</span> 
     </span>
     <span class='ocr_line' id='line_1_51' title="bbox 1312 1756 2305 1804; baseline -0.001 -9"><span class='ocrx_word' id='word_1_361' title='bbox 1312 1758 1486 1804; x_wconf 86' lang='lat' dir='ltr'>floridus,</span> <span class='ocrx_word' id='word_1_362' title='bbox 1517 1758 1582 1795; x_wconf 89' lang='lat' dir='ltr'>sed</span> <span class='ocrx_word' id='word_1_363' title='bbox 1615 1758 1792 1794; x_wconf 87' lang='lat' dir='ltr'>horridus</span> <span class='ocrx_word' id='word_1_364' title='bbox 1819 1757 1872 1794; x_wconf 92' lang='lat' dir='ltr'>illi</span> <span class='ocrx_word' id='word_1_365' title='bbox 1901 1756 2060 1793; x_wconf 82' lang='lat' dir='ltr'>videtur.</span> <span class='ocrx_word' id='word_1_366' title='bbox 2082 1760 2186 1793; x_wconf 88' lang='lat' dir='ltr'>Dura</span> <span class='ocrx_word' id='word_1_367' title='bbox 2218 1758 2305 1794; x_wconf 82' lang='lat' dir='ltr'>satis</span> 
     </span>
    </p>
   </div>
   <div class='ocr_carea' id='block_1_10' title="bbox 253 1815 2304 1865">
    <p class='ocr_par' dir='ltr' id='par_1_13' title="bbox 253 1815 2304 1865">
     <span class='ocr_line' id='line_1_52' title="bbox 253 1815 2304 1865; baseline -0 -11"><span class='ocrx_word' id='word_1_368' title='bbox 253 1821 296 1855; x_wconf 93' lang='lat' dir='ltr'>In</span> <span class='ocrx_word' id='word_1_369' title='bbox 323 1817 460 1854; x_wconf 90' lang='lat' dir='ltr'>lectulo</span> <span class='ocrx_word' id='word_1_370' title='bbox 489 1829 577 1860; x_wconf 90' lang='lat' dir='ltr'>suo,</span> <span class='ocrx_word' id='word_1_371' title='bbox 606 1823 643 1851; x_wconf 92' lang='lat' dir='ltr'>et</span> <span class='ocrx_word' id='word_1_372' title='bbox 670 1815 775 1863; x_wconf 86' lang='lat' dir='ltr'>quasi</span> <span class='ocrx_word' id='word_1_373' title='bbox 805 1815 1041 1863; x_wconf 84' lang='lat' dir='ltr'>singulariter</span> <span class='ocrx_word' id='word_1_374' title='bbox 1067 1828 1135 1851; x_wconf 91' lang='lat' dir='ltr'>suo</span> <span class='ocrx_word' id='word_1_375' title='bbox 1166 1822 1244 1858; x_wconf 89' lang='lat' dir='ltr'>est,</span> <span class='ocrx_word' id='word_1_376' title='bbox 1265 1817 1292 1852; x_wconf 94' lang='lat' dir='ltr'>C</span> <span class='ocrx_word' id='word_1_377' title='bbox 1312 1817 1493 1862; x_wconf 90' lang='lat' dir='ltr'>conditio,</span> <span class='ocrx_word' id='word_1_378' title='bbox 1515 1817 1544 1853; x_wconf 91' lang='lat' dir='ltr'>si</span> <span class='ocrx_word' id='word_1_379' title='bbox 1564 1817 1622 1853; x_wconf 74' lang='lat' dir='ltr'>vel</span> <span class='ocrx_word' id='word_1_380' title='bbox 1641 1817 1719 1852; x_wconf 89' lang='lat' dir='ltr'>sola</span> <span class='ocrx_word' id='word_1_381' title='bbox 1735 1816 1930 1865; x_wconf 83' lang='lat' dir='ltr'>corruptio</span> <span class='ocrx_word' id='word_1_382' title='bbox 1952 1815 2047 1852; x_wconf 85' lang='lat' dir='ltr'>soret</span> <span class='ocrx_word' id='word_1_383' title='bbox 2067 1829 2075 1851; x_wconf 94' lang='lat'>:</span> <span class='ocrx_word' id='word_1_384' title='bbox 2094 1828 2195 1852; x_wconf 92' lang='lat' dir='ltr'>nunc</span> <span class='ocrx_word' id='word_1_385' title='bbox 2214 1829 2304 1853; x_wconf 91' lang='lat' dir='ltr'>vero</span> 
     </span>
    </p>
   </div>
   <div class='ocr_carea' id='block_1_11' title="bbox 252 1872 1248 2567">
    <p class='ocr_par' dir='ltr' id='par_1_14' title="bbox 252 1872 1248 2567">
     <span class='ocr_line' id='line_1_53' title="bbox 253 1872 1248 1926; baseline -0.005 -13"><span class='ocrx_word' id='word_1_386' title='bbox 253 1876 432 1926; x_wconf 86' lang='lat' dir='ltr'>quamdiu</span> <span class='ocrx_word' id='word_1_387' title='bbox 460 1875 698 1924; x_wconf 81' lang='lat' dir='ltr'>singulariter</span> <span class='ocrx_word' id='word_1_388' title='bbox 718 1874 754 1909; x_wconf 94' lang='lat' dir='ltr'>in</span> <span class='ocrx_word' id='word_1_389' title='bbox 781 1886 847 1922; x_wconf 90' lang='lat' dir='ltr'>spe</span> <span class='ocrx_word' id='word_1_390' title='bbox 876 1882 942 1909; x_wconf 88' lang='lat' dir='ltr'>est.</span> <span class='ocrx_word' id='word_1_391' title='bbox 971 1875 1064 1910; x_wconf 91' lang='lat' dir='ltr'>Cum</span> <span class='ocrx_word' id='word_1_392' title='bbox 1085 1886 1176 1909; x_wconf 78' lang='lat' dir='ltr'>vero</span> <span class='ocrx_word' id='word_1_393' title='bbox 1202 1872 1248 1909; x_wconf 85' lang='lat' dir='ltr'>ad</span> 
     </span>
     <span class='ocr_line' id='line_1_54' title="bbox 253 1932 1247 1985; baseline -0.004 -14"><span class='ocrx_word' id='word_1_394' title='bbox 253 1948 356 1985; x_wconf 91' lang='lat' dir='ltr'>spem</span> <span class='ocrx_word' id='word_1_395' title='bbox 378 1947 437 1971; x_wconf 90' lang='lat' dir='ltr'>res</span> <span class='ocrx_word' id='word_1_396' title='bbox 456 1933 671 1979; x_wconf 86' lang='lat' dir='ltr'>accesserit,</span> <span class='ocrx_word' id='word_1_397' title='bbox 690 1933 749 1969; x_wconf 81' lang='lat' dir='ltr'>vel</span> <span class='ocrx_word' id='word_1_398' title='bbox 773 1932 887 1981; x_wconf 81' lang='lat' dir='ltr'>magis</span> <span class='ocrx_word' id='word_1_399' title='bbox 912 1933 1131 1969; x_wconf 87' lang='lat' dir='ltr'>successerit</span> <span class='ocrx_word' id='word_1_400' title='bbox 1153 1932 1247 1981; x_wconf 84' lang='lat' dir='ltr'>spei,</span> 
     </span>
     <span class='ocr_line' id='line_1_55' title="bbox 253 1989 1248 2041; baseline -0.003 -12"><span class='ocrx_word' id='word_1_401' title='bbox 253 2006 338 2029; x_wconf 91' lang='lat' dir='ltr'>cum</span> <span class='ocrx_word' id='word_1_402' title='bbox 363 1992 441 2041; x_wconf 86' lang='lat' dir='ltr'>jam</span> <span class='ocrx_word' id='word_1_403' title='bbox 469 2005 514 2028; x_wconf 88' lang='lat' dir='ltr'>ex</span> <span class='ocrx_word' id='word_1_404' title='bbox 536 1999 642 2041; x_wconf 88' lang='lat' dir='ltr'>parte</span> <span class='ocrx_word' id='word_1_405' title='bbox 664 1991 827 2027; x_wconf 88' lang='lat' dir='ltr'>tenuerit</span> <span class='ocrx_word' id='word_1_406' title='bbox 847 1990 1047 2036; x_wconf 72' lang='lat' dir='ltr'>dilectum,</span> <span class='ocrx_word' id='word_1_407' title='bbox 1068 2004 1143 2026; x_wconf 91' lang='lat' dir='ltr'>non</span> <span class='ocrx_word' id='word_1_408' title='bbox 1169 1989 1248 2038; x_wconf 89' lang='lat' dir='ltr'>jam</span> 
     </span>
     <span class='ocr_line' id='line_1_56' title="bbox 252 2047 1246 2098; baseline -0.004 -10"><span class='ocrx_word' id='word_1_409' title='bbox 252 2063 342 2088; x_wconf 90' lang='lat' dir='ltr'>suus</span> <span class='ocrx_word' id='word_1_410' title='bbox 361 2059 417 2087; x_wconf 88' lang='lat' dir='ltr'>est</span> <span class='ocrx_word' id='word_1_411' title='bbox 442 2050 503 2086; x_wconf 87' lang='lat' dir='ltr'>bic</span> <span class='ocrx_word' id='word_1_412' title='bbox 533 2049 691 2086; x_wconf 89' lang='lat' dir='ltr'>lectulus</span> <span class='ocrx_word' id='word_1_413' title='bbox 719 2061 887 2098; x_wconf 77' lang='lat' dir='ltr'>sponsae,</span> <span class='ocrx_word' id='word_1_414' title='bbox 918 2047 983 2085; x_wconf 87' lang='lat' dir='ltr'>sed</span> <span class='ocrx_word' id='word_1_415' title='bbox 1004 2048 1121 2097; x_wconf 85' lang='lat' dir='ltr'>magis</span> <span class='ocrx_word' id='word_1_416' title='bbox 1139 2061 1246 2084; x_wconf 91' lang='lat' dir='ltr'>com-</span> 
     </span>
     <span class='ocr_line' id='line_1_57' title="bbox 255 2106 1247 2158; baseline -0.004 -12"><span class='ocrx_word' id='word_1_417' title='bbox 255 2109 379 2146; x_wconf 89' lang='lat' dir='ltr'>munis</span> <span class='ocrx_word' id='word_1_418' title='bbox 399 2107 527 2158; x_wconf 85' lang='lat' dir='ltr'>sponsi</span> <span class='ocrx_word' id='word_1_419' title='bbox 552 2116 590 2144; x_wconf 89' lang='lat' dir='ltr'>et</span> <span class='ocrx_word' id='word_1_420' title='bbox 613 2120 776 2157; x_wconf 86' lang='lat' dir='ltr'>sponsae.</span> <span class='ocrx_word' id='word_1_421' title='bbox 799 2110 895 2144; x_wconf 89' lang='lat' dir='ltr'>Suus</span> <span class='ocrx_word' id='word_1_422' title='bbox 922 2114 996 2152; x_wconf 90' lang='lat' dir='ltr'>est,</span> <span class='ocrx_word' id='word_1_423' title='bbox 1026 2120 1110 2143; x_wconf 90' lang='lat' dir='ltr'>cum</span> <span class='ocrx_word' id='word_1_424' title='bbox 1140 2106 1247 2156; x_wconf 88' lang='lat' dir='ltr'>quasi</span> 
     </span>
     <span class='ocr_line' id='line_1_58' title="bbox 252 2166 1245 2215; baseline -0.004 -10"><span class='ocrx_word' id='word_1_425' title='bbox 252 2169 331 2205; x_wconf 85' lang='lat' dir='ltr'>sota</span> <span class='ocrx_word' id='word_1_426' title='bbox 358 2169 438 2205; x_wconf 90' lang='lat' dir='ltr'>sine</span> <span class='ocrx_word' id='word_1_427' title='bbox 464 2167 600 2204; x_wconf 90' lang='lat' dir='ltr'>dilecto</span> <span class='ocrx_word' id='word_1_428' title='bbox 627 2166 1038 2215; x_wconf 84' lang='lat' dir='ltr'>quiescit:c0mmunis</span> <span class='ocrx_word' id='word_1_429' title='bbox 1059 2174 1133 2212; x_wconf 88' lang='lat' dir='ltr'>est,</span> <span class='ocrx_word' id='word_1_430' title='bbox 1160 2179 1245 2202; x_wconf 90' lang='lat' dir='ltr'>eum</span> 
     </span>
     <span class='ocr_line' id='line_1_59' title="bbox 252 2225 1246 2277; baseline -0.003 -14"><span class='ocrx_word' id='word_1_431' title='bbox 252 2228 333 2277; x_wconf 89' lang='lat' dir='ltr'>ipse</span> <span class='ocrx_word' id='word_1_432' title='bbox 359 2227 474 2263; x_wconf 88' lang='lat' dir='ltr'>adest.</span> <span class='ocrx_word' id='word_1_433' title='bbox 503 2229 598 2262; x_wconf 89' lang='lat' dir='ltr'>Suus</span> <span class='ocrx_word' id='word_1_434' title='bbox 618 2233 673 2261; x_wconf 88' lang='lat' dir='ltr'>est</span> <span class='ocrx_word' id='word_1_435' title='bbox 692 2237 859 2274; x_wconf 91' lang='lat' dir='ltr'>sponsae,</span> <span class='ocrx_word' id='word_1_436' title='bbox 886 2237 971 2260; x_wconf 91' lang='lat' dir='ltr'>cum</span> <span class='ocrx_word' id='word_1_437' title='bbox 998 2225 1190 2273; x_wconf 90' lang='lat' dir='ltr'>quietatis,</span> <span class='ocrx_word' id='word_1_438' title='bbox 1209 2233 1246 2261; x_wconf 89' lang='lat' dir='ltr'>et</span> 
     </span>
     <span class='ocr_line' id='line_1_60' title="bbox 253 2282 1246 2335; baseline -0.001 -13"><span class='ocrx_word' id='word_1_439' title='bbox 253 2285 412 2335; x_wconf 86' lang='lat' dir='ltr'>pacatis,</span> <span class='ocrx_word' id='word_1_440' title='bbox 432 2292 470 2320; x_wconf 89' lang='lat' dir='ltr'>et</span> <span class='ocrx_word' id='word_1_441' title='bbox 491 2283 708 2333; x_wconf 88' lang='lat' dir='ltr'>compositis</span> <span class='ocrx_word' id='word_1_442' title='bbox 728 2282 896 2319; x_wconf 88' lang='lat' dir='ltr'>moribus</span> <span class='ocrx_word' id='word_1_443' title='bbox 913 2283 1011 2319; x_wconf 90' lang='lat' dir='ltr'>intra</span> <span class='ocrx_word' id='word_1_444' title='bbox 1027 2296 1066 2319; x_wconf 86' lang='lat' dir='ltr'>se</span> <span class='ocrx_word' id='word_1_445' title='bbox 1089 2284 1246 2321; x_wconf 88' lang='lat' dir='ltr'>collecta</span> 
     </span>
     <span class='ocr_line' id='line_1_61' title="bbox 252 2340 1244 2392; baseline -0.001 -13"><span class='ocrx_word' id='word_1_446' title='bbox 252 2343 432 2392; x_wconf 87' lang='lat' dir='ltr'>quiescit:</span> <span class='ocrx_word' id='word_1_447' title='bbox 451 2342 663 2378; x_wconf 88' lang='lat' dir='ltr'>communis</span> <span class='ocrx_word' id='word_1_448' title='bbox 684 2349 757 2387; x_wconf 89' lang='lat' dir='ltr'>est,</span> <span class='ocrx_word' id='word_1_449' title='bbox 773 2354 856 2377; x_wconf 91' lang='lat' dir='ltr'>cum</span> <span class='ocrx_word' id='word_1_450' title='bbox 878 2340 956 2389; x_wconf 88' lang='lat' dir='ltr'>jam</span> <span class='ocrx_word' id='word_1_451' title='bbox 984 2341 1114 2391; x_wconf 89' lang='lat' dir='ltr'>incipit</span> <span class='ocrx_word' id='word_1_452' title='bbox 1138 2341 1244 2378; x_wconf 89' lang='lat' dir='ltr'>oble-</span> 
     </span>
     <span class='ocr_line' id='line_1_62' title="bbox 252 2400 1244 2450; baseline 0 -12"><span class='ocrx_word' id='word_1_453' title='bbox 252 2403 343 2438; x_wconf 83' lang='lat' dir='ltr'>ctari</span> <span class='ocrx_word' id='word_1_454' title='bbox 374 2402 411 2437; x_wconf 93' lang='lat' dir='ltr'>in</span> <span class='ocrx_word' id='word_1_455' title='bbox 442 2413 592 2450; x_wconf 91' lang='lat' dir='ltr'>sponso.</span> <span class='ocrx_word' id='word_1_456' title='bbox 623 2403 735 2437; x_wconf 86' lang='lat' dir='ltr'>Forte</span> <span class='ocrx_word' id='word_1_457' title='bbox 761 2408 816 2437; x_wconf 90' lang='lat' dir='ltr'>est</span> <span class='ocrx_word' id='word_1_458' title='bbox 842 2409 878 2436; x_wconf 92' lang='lat' dir='ltr'>et</span> <span class='ocrx_word' id='word_1_459' title='bbox 907 2400 1040 2449; x_wconf 88' lang='lat' dir='ltr'>aliquis</span> <span class='ocrx_word' id='word_1_460' title='bbox 1068 2402 1244 2450; x_wconf 90' lang='lat' dir='ltr'>proprius</span> 
     </span>
     <span class='ocr_line' id='line_1_63' title="bbox 253 2459 1245 2510; baseline 0 -13"><span class='ocrx_word' id='word_1_461' title='bbox 253 2461 400 2510; x_wconf 87' lang='lat' dir='ltr'>sponsi,</span> <span class='ocrx_word' id='word_1_462' title='bbox 421 2460 574 2509; x_wconf 90' lang='lat' dir='ltr'>quando</span> <span class='ocrx_word' id='word_1_463' title='bbox 604 2460 661 2496; x_wconf 90' lang='lat' dir='ltr'>sui</span> <span class='ocrx_word' id='word_1_464' title='bbox 687 2459 801 2495; x_wconf 89' lang='lat' dir='ltr'>oblita</span> <span class='ocrx_word' id='word_1_465' title='bbox 826 2460 995 2508; x_wconf 88' lang='lat' dir='ltr'>penitus,</span> <span class='ocrx_word' id='word_1_466' title='bbox 1016 2468 1052 2495; x_wconf 87' lang='lat' dir='ltr'>et</span> <span class='ocrx_word' id='word_1_467' title='bbox 1077 2473 1115 2497; x_wconf 88' lang='lat' dir='ltr'>se</span> <span class='ocrx_word' id='word_1_468' title='bbox 1135 2469 1245 2497; x_wconf 85' lang='lat' dir='ltr'>exuta</span> 
     </span>
     <span class='ocr_line' id='line_1_64' title="bbox 255 2517 1244 2567; baseline -0.001 -12"><span class='ocrx_word' id='word_1_469' title='bbox 255 2527 332 2555; x_wconf 87' lang='lat' dir='ltr'>tota</span> <span class='ocrx_word' id='word_1_470' title='bbox 362 2519 493 2555; x_wconf 85' lang='lat' dir='ltr'>transit</span> <span class='ocrx_word' id='word_1_471' title='bbox 521 2518 558 2554; x_wconf 92' lang='lat' dir='ltr'>in</span> <span class='ocrx_word' id='word_1_472' title='bbox 588 2518 731 2567; x_wconf 91' lang='lat' dir='ltr'>ipsum,</span> <span class='ocrx_word' id='word_1_473' title='bbox 761 2526 797 2553; x_wconf 88' lang='lat' dir='ltr'>et</span> <span class='ocrx_word' id='word_1_474' title='bbox 825 2517 930 2566; x_wconf 86' lang='lat' dir='ltr'>quasi</span> <span class='ocrx_word' id='word_1_475' title='bbox 966 2517 1135 2554; x_wconf 88' lang='lat' dir='ltr'>induitur</span> <span class='ocrx_word' id='word_1_476' title='bbox 1163 2519 1244 2567; x_wconf 89' lang='lat' dir='ltr'>ipso</span> 
     </span>
    </p>
   </div>
   <div class='ocr_carea' id='block_1_12' title="bbox 1309 1874 2306 2568">
    <p class='ocr_par' dir='ltr' id='par_1_15' title="bbox 1309 1874 2306 2568">
     <span class='ocr_line' id='line_1_65' title="bbox 1314 1874 2303 1925; baseline 0 -13"><span class='ocrx_word' id='word_1_477' title='bbox 1314 1876 1360 1912; x_wconf 90' lang='lat' dir='ltr'>ad</span> <span class='ocrx_word' id='word_1_478' title='bbox 1389 1877 1643 1912; x_wconf 79' lang='lat' dir='ltr'>infirmitatem</span> <span class='ocrx_word' id='word_1_479' title='bbox 1669 1875 1811 1912; x_wconf 88' lang='lat' dir='ltr'>accedit</span> <span class='ocrx_word' id='word_1_480' title='bbox 1831 1874 2054 1920; x_wconf 81' lang='lat' dir='ltr'>adversitas,</span> <span class='ocrx_word' id='word_1_481' title='bbox 2074 1874 2303 1925; x_wconf 91' lang='lat' dir='ltr'>duplicatum</span> 
     </span>
     <span class='ocr_line' id='line_1_66' title="bbox 1313 1933 2306 1980; baseline -0.001 -9"><span class='ocrx_word' id='word_1_482' title='bbox 1313 1935 1617 1980; x_wconf 90' lang='lat' dir='ltr'>incommodum,</span> <span class='ocrx_word' id='word_1_483' title='bbox 1651 1934 1809 1970; x_wconf 87' lang='lat' dir='ltr'>lectulus</span> <span class='ocrx_word' id='word_1_484' title='bbox 1841 1942 1878 1970; x_wconf 86' lang='lat' dir='ltr'>et</span> <span class='ocrx_word' id='word_1_485' title='bbox 1911 1946 2007 1980; x_wconf 83' lang='lat' dir='ltr'>nox,</span> <span class='ocrx_word' id='word_1_486' title='bbox 2039 1933 2236 1971; x_wconf 88' lang='lat' dir='ltr'>infirmitas</span> <span class='ocrx_word' id='word_1_487' title='bbox 2268 1944 2306 1971; x_wconf 87' lang='lat' dir='ltr'>et</span> 
     </span>
     <span class='ocr_line' id='line_1_67' title="bbox 1314 1992 2304 2042; baseline 0 -12"><span class='ocrx_word' id='word_1_488' title='bbox 1314 1993 1529 2031; x_wconf 84' lang='lat' dir='ltr'>adversitas.</span> <span class='ocrx_word' id='word_1_489' title='bbox 1548 1993 1619 2032; x_wconf 90' lang='lat' dir='ltr'>Sed</span> <span class='ocrx_word' id='word_1_490' title='bbox 1640 2005 1774 2042; x_wconf 85' lang='lat' dir='ltr'>magna</span> <span class='ocrx_word' id='word_1_491' title='bbox 1790 1993 1845 2029; x_wconf 90' lang='lat' dir='ltr'>vis</span> <span class='ocrx_word' id='word_1_492' title='bbox 1864 1992 2020 2038; x_wconf 87' lang='lat' dir='ltr'>amoris,</span> <span class='ocrx_word' id='word_1_493' title='bbox 2037 2005 2149 2041; x_wconf 89' lang='lat' dir='ltr'>quam</span> <span class='ocrx_word' id='word_1_494' title='bbox 2170 2002 2304 2030; x_wconf 89' lang='lat' dir='ltr'>neutra</span> 
     </span>
     <span class='ocr_line' id='line_1_68' title="bbox 1313 2051 2302 2102; baseline 0 -13"><span class='ocrx_word' id='word_1_495' title='bbox 1313 2053 1537 2102; x_wconf 86' lang='lat' dir='ltr'>compescit,</span> <span class='ocrx_word' id='word_1_496' title='bbox 1563 2065 1632 2089; x_wconf 88' lang='lat' dir='ltr'>nec</span> <span class='ocrx_word' id='word_1_497' title='bbox 1651 2052 1713 2088; x_wconf 87' lang='lat' dir='ltr'>illa</span> <span class='ocrx_word' id='word_1_498' title='bbox 1738 2052 1882 2097; x_wconf 89' lang='lat' dir='ltr'>innata,</span> <span class='ocrx_word' id='word_1_499' title='bbox 1904 2064 1974 2087; x_wconf 89' lang='lat' dir='ltr'>nec</span> <span class='ocrx_word' id='word_1_500' title='bbox 1995 2051 2064 2088; x_wconf 88' lang='lat' dir='ltr'>ista</span> <span class='ocrx_word' id='word_1_501' title='bbox 2087 2052 2201 2088; x_wconf 87' lang='lat' dir='ltr'>illata.</span> <span class='ocrx_word' id='word_1_502' title='bbox 2220 2055 2302 2090; x_wconf 89' lang='lat' dir='ltr'>Non</span> 
     </span>
     <span class='ocr_line' id='line_1_69' title="bbox 1311 2109 2304 2156; baseline 0.001 -10"><span class='ocrx_word' id='word_1_503' title='bbox 1311 2111 1411 2146; x_wconf 87' lang='lat' dir='ltr'>enim</span> <span class='ocrx_word' id='word_1_504' title='bbox 1429 2111 1487 2146; x_wconf 89' lang='lat' dir='ltr'>vel</span> <span class='ocrx_word' id='word_1_505' title='bbox 1505 2111 1644 2147; x_wconf 89' lang='lat' dir='ltr'>lectulo</span> <span class='ocrx_word' id='word_1_506' title='bbox 1661 2118 1823 2155; x_wconf 88' lang='lat' dir='ltr'>tenetur,</span> <span class='ocrx_word' id='word_1_507' title='bbox 1838 2109 1897 2146; x_wconf 90' lang='lat' dir='ltr'>vel</span> <span class='ocrx_word' id='word_1_508' title='bbox 1916 2117 2078 2146; x_wconf 89' lang='lat' dir='ltr'>terretur</span> <span class='ocrx_word' id='word_1_509' title='bbox 2093 2118 2221 2156; x_wconf 88' lang='lat' dir='ltr'>nocte,</span> <span class='ocrx_word' id='word_1_510' title='bbox 2239 2111 2304 2148; x_wconf 90' lang='lat' dir='ltr'>sed</span> 
     </span>
     <span class='ocr_line' id='line_1_70' title="bbox 1310 2168 2303 2219; baseline 0.002 -15"><span class='ocrx_word' id='word_1_511' title='bbox 1310 2168 1349 2204; x_wconf 91' lang='lat' dir='ltr'>in</span> <span class='ocrx_word' id='word_1_512' title='bbox 1367 2169 1506 2205; x_wconf 90' lang='lat' dir='ltr'>lectulo</span> <span class='ocrx_word' id='word_1_513' title='bbox 1526 2182 1594 2205; x_wconf 91' lang='lat' dir='ltr'>suo</span> <span class='ocrx_word' id='word_1_514' title='bbox 1611 2177 1648 2204; x_wconf 89' lang='lat' dir='ltr'>et</span> <span class='ocrx_word' id='word_1_515' title='bbox 1667 2181 1736 2217; x_wconf 88' lang='lat' dir='ltr'>per</span> <span class='ocrx_word' id='word_1_516' title='bbox 1754 2176 1883 2204; x_wconf 88' lang='lat' dir='ltr'>noctes</span> <span class='ocrx_word' id='word_1_517' title='bbox 1903 2168 2038 2216; x_wconf 87' lang='lat' dir='ltr'>quaerit</span> <span class='ocrx_word' id='word_1_518' title='bbox 2053 2181 2165 2217; x_wconf 89' lang='lat' dir='ltr'>quem</span> <span class='ocrx_word' id='word_1_519' title='bbox 2184 2168 2303 2219; x_wconf 89' lang='lat' dir='ltr'>diligit</span> 
     </span>
     <span class='ocr_line' id='line_1_71' title="bbox 1311 2227 2302 2276; baseline 0.002 -13"><span class='ocrx_word' id='word_1_520' title='bbox 1311 2228 1435 2263; x_wconf 86' lang='lat' dir='ltr'>anima</span> <span class='ocrx_word' id='word_1_521' title='bbox 1456 2227 1547 2276; x_wconf 87' lang='lat' dir='ltr'>ejus.</span> <span class='ocrx_word' id='word_1_522' title='bbox 1574 2228 1835 2265; x_wconf 84' lang='lat' dir='ltr'>Claustralium</span> <span class='ocrx_word' id='word_1_523' title='bbox 1862 2227 2010 2263; x_wconf 81' lang='lat' dir='ltr'>videtur</span> <span class='ocrx_word' id='word_1_524' title='bbox 2033 2240 2112 2264; x_wconf 82' lang='lat' dir='ltr'>vox</span> <span class='ocrx_word' id='word_1_525' title='bbox 2133 2228 2203 2265; x_wconf 89' lang='lat' dir='ltr'>ista</span> <span class='ocrx_word' id='word_1_526' title='bbox 2224 2242 2302 2265; x_wconf 84' lang='lat' dir='ltr'>ma-</span> 
     </span>
     <span class='ocr_line' id='line_1_72' title="bbox 1310 2284 2302 2333; baseline 0.001 -11"><span class='ocrx_word' id='word_1_527' title='bbox 1310 2286 1410 2322; x_wconf 84' lang='lat' dir='ltr'>xime</span> <span class='ocrx_word' id='word_1_528' title='bbox 1431 2286 1602 2328; x_wconf 82' lang='lat' dir='ltr'>fratrum,</span> <span class='ocrx_word' id='word_1_529' title='bbox 1624 2285 1689 2333; x_wconf 91' lang='lat' dir='ltr'>qui</span> <span class='ocrx_word' id='word_1_530' title='bbox 1713 2292 1750 2320; x_wconf 89' lang='lat' dir='ltr'>et</span> <span class='ocrx_word' id='word_1_531' title='bbox 1776 2284 1892 2332; x_wconf 88' lang='lat' dir='ltr'>quieti</span> <span class='ocrx_word' id='word_1_532' title='bbox 1919 2297 1941 2320; x_wconf 87' lang='lat' dir='ltr'>a</span> <span class='ocrx_word' id='word_1_533' title='bbox 1965 2285 2235 2332; x_wconf 90' lang='lat' dir='ltr'>sollicitudine,</span> <span class='ocrx_word' id='word_1_534' title='bbox 2266 2295 2302 2323; x_wconf 86' lang='lat' dir='ltr'>et</span> 
     </span>
     <span class='ocr_line' id='line_1_73' title="bbox 1309 2341 2298 2392; baseline 0.003 -13"><span class='ocrx_word' id='word_1_535' title='bbox 1309 2344 1413 2392; x_wconf 89' lang='lat' dir='ltr'>quasi</span> <span class='ocrx_word' id='word_1_536' title='bbox 1433 2342 1571 2392; x_wconf 88' lang='lat' dir='ltr'>perditi</span> <span class='ocrx_word' id='word_1_537' title='bbox 1590 2350 1627 2378; x_wconf 87' lang='lat' dir='ltr'>et</span> <span class='ocrx_word' id='word_1_538' title='bbox 1649 2341 1963 2379; x_wconf 78' lang='lat' dir='ltr'>absconditisunt</span> <span class='ocrx_word' id='word_1_539' title='bbox 1982 2343 2020 2379; x_wconf 89' lang='lat' dir='ltr'>in</span> <span class='ocrx_word' id='word_1_540' title='bbox 2041 2344 2298 2390; x_wconf 85' lang='lat' dir='ltr'>multitudine,</span> 
     </span>
     <span class='ocr_line' id='line_1_74' title="bbox 1309 2401 2301 2447; baseline 0.002 -9"><span class='ocrx_word' id='word_1_541' title='bbox 1309 2401 1488 2438; x_wconf 84' lang='lat' dir='ltr'>habentes</span> <span class='ocrx_word' id='word_1_542' title='bbox 1520 2402 1556 2438; x_wconf 90' lang='lat' dir='ltr'>in</span> <span class='ocrx_word' id='word_1_543' title='bbox 1584 2402 1702 2438; x_wconf 90' lang='lat' dir='ltr'>altero</span> <span class='ocrx_word' id='word_1_544' title='bbox 1734 2402 1932 2447; x_wconf 88' lang='lat' dir='ltr'>lectulum,</span> <span class='ocrx_word' id='word_1_545' title='bbox 1963 2401 2001 2437; x_wconf 93' lang='lat' dir='ltr'>in</span> <span class='ocrx_word' id='word_1_546' title='bbox 2031 2402 2148 2439; x_wconf 90' lang='lat' dir='ltr'>altero</span> <span class='ocrx_word' id='word_1_547' title='bbox 2181 2405 2301 2440; x_wconf 89' lang='lat' dir='ltr'>noctis</span> 
     </span>
     <span class='ocr_line' id='line_1_75' title="bbox 1310 2459 2296 2507; baseline 0.003 -11"><span class='ocrx_word' id='word_1_548' title='bbox 1310 2460 1524 2497; x_wconf 91' lang='lat' dir='ltr'>obscurum.</span> <span class='ocrx_word' id='word_1_549' title='bbox 1557 2459 1728 2507; x_wconf 88' lang='lat' dir='ltr'>Quodam</span> <span class='ocrx_word' id='word_1_550' title='bbox 1766 2459 1880 2495; x_wconf 91' lang='lat' dir='ltr'>modo</span> <span class='ocrx_word' id='word_1_551' title='bbox 1918 2460 2016 2496; x_wconf 89' lang='lat' dir='ltr'>enim</span> <span class='ocrx_word' id='word_1_552' title='bbox 2053 2459 2296 2499; x_wconf 86' lang='lat' dir='ltr'>absconditur</span> 
     </span>
     <span class='ocr_line' id='line_1_76' title="bbox 1310 2517 2298 2568; baseline 0.002 -13"><span class='ocrx_word' id='word_1_553' title='bbox 1310 2518 1509 2568; x_wconf 88' lang='lat' dir='ltr'>cujuslibet</span> <span class='ocrx_word' id='word_1_554' title='bbox 1526 2517 1731 2567; x_wconf 88' lang='lat' dir='ltr'>quamlibet</span> <span class='ocrx_word' id='word_1_555' title='bbox 1748 2519 1891 2555; x_wconf 80' lang='lat' dir='ltr'>excelsa</span> <span class='ocrx_word' id='word_1_556' title='bbox 1909 2521 2158 2565; x_wconf 81' lang='lat' dir='ltr'>conversatio,</span> <span class='ocrx_word' id='word_1_557' title='bbox 2180 2520 2243 2557; x_wconf 89' lang='lat' dir='ltr'>ubi</span> <span class='ocrx_word' id='word_1_558' title='bbox 2261 2521 2298 2557; x_wconf 88' lang='lat' dir='ltr'>in</span> 
     </span>
    </p>
   </div>
   <div class='ocr_carea' id='block_1_13' title="bbox 254 2576 2300 2627">
    <p class='ocr_par' dir='ltr' id='par_1_16' title="bbox 254 2576 2300 2627">
     <span class='ocr_line' id='line_1_77' title="bbox 254 2576 2300 2627; baseline 0.002 -15"><span class='ocrx_word' id='word_1_559' title='bbox 254 2577 387 2613; x_wconf 87' lang='lat' dir='ltr'>dilecta</span> <span class='ocrx_word' id='word_1_560' title='bbox 415 2577 542 2626; x_wconf 89' lang='lat' dir='ltr'>ipsius.</span> <span class='ocrx_word' id='word_1_561' title='bbox 573 2579 615 2612; x_wconf 93' lang='lat' dir='ltr'>In</span> <span class='ocrx_word' id='word_1_562' title='bbox 647 2576 782 2612; x_wconf 84' lang='lat' dir='ltr'>lectulo</span> <span class='ocrx_word' id='word_1_563' title='bbox 812 2589 879 2611; x_wconf 92' lang='lat' dir='ltr'>suo</span> <span class='ocrx_word' id='word_1_564' title='bbox 908 2589 976 2612; x_wconf 88' lang='lat' dir='ltr'>nec</span> <span class='ocrx_word' id='word_1_565' title='bbox 1002 2576 1120 2612; x_wconf 85' lang='lat' dir='ltr'>efssuit</span> <span class='ocrx_word' id='word_1_566' title='bbox 1141 2586 1246 2613; x_wconf 81' lang='lat' dir='ltr'>extra</span> <span class='ocrx_word' id='word_1_567' title='bbox 1264 2582 1295 2615; x_wconf 87' lang='lat' dir='ltr'>l)</span> <span class='ocrx_word' id='word_1_568' title='bbox 1312 2578 1491 2627; x_wconf 83' lang='lat' dir='ltr'>aequalem</span> <span class='ocrx_word' id='word_1_569' title='bbox 1522 2578 1756 2614; x_wconf 85' lang='lat' dir='ltr'>altitudinem</span> <span class='ocrx_word' id='word_1_570' title='bbox 1785 2586 1859 2613; x_wconf 90' lang='lat' dir='ltr'>tota</span> <span class='ocrx_word' id='word_1_571' title='bbox 1880 2590 1918 2613; x_wconf 85' lang='lat' dir='ltr'>se</span> <span class='ocrx_word' id='word_1_572' title='bbox 1939 2578 2093 2614; x_wconf 81' lang='lat' dir='ltr'>fratrum</span> <span class='ocrx_word' id='word_1_573' title='bbox 2121 2592 2300 2617; x_wconf 92' lang='lat' dir='ltr'>numero-</span> 
     </span>
    </p>
   </div>
   <div class='ocr_carea' id='block_1_14' title="bbox 253 2635 1248 3156">
    <p class='ocr_par' dir='ltr' id='par_1_17' title="bbox 253 2635 1248 3156">
     <span class='ocr_line' id='line_1_78' title="bbox 254 2635 1241 2680; baseline -0.001 -8"><span class='ocrx_word' id='word_1_574' title='bbox 254 2650 312 2680; x_wconf 85' lang='lat' dir='ltr'>se,</span> <span class='ocrx_word' id='word_1_575' title='bbox 351 2649 419 2672; x_wconf 90' lang='lat' dir='ltr'>nec</span> <span class='ocrx_word' id='word_1_576' title='bbox 453 2635 626 2671; x_wconf 87' lang='lat' dir='ltr'>turbatur</span> <span class='ocrx_word' id='word_1_577' title='bbox 654 2635 690 2670; x_wconf 92' lang='lat' dir='ltr'>in</span> <span class='ocrx_word' id='word_1_578' title='bbox 723 2648 773 2671; x_wconf 90' lang='lat' dir='ltr'>se.</span> <span class='ocrx_word' id='word_1_579' title='bbox 812 2638 854 2671; x_wconf 91' lang='lat' dir='ltr'>In</span> <span class='ocrx_word' id='word_1_580' title='bbox 886 2635 1024 2671; x_wconf 88' lang='lat' dir='ltr'>lectulo</span> <span class='ocrx_word' id='word_1_581' title='bbox 1053 2636 1241 2671; x_wconf 91' lang='lat' dir='ltr'>communi</span> 
     </span>
     <span class='ocr_line' id='line_1_79' title="bbox 255 2693 1242 2743; baseline -0.001 -12"><span class='ocrx_word' id='word_1_582' title='bbox 255 2696 415 2731; x_wconf 79' lang='lat' dir='ltr'>affluunt</span> <span class='ocrx_word' id='word_1_583' title='bbox 430 2695 479 2730; x_wconf 89' lang='lat' dir='ltr'>illi</span> <span class='ocrx_word' id='word_1_584' title='bbox 494 2694 633 2730; x_wconf 83' lang='lat' dir='ltr'>delieiae</span> <span class='ocrx_word' id='word_1_585' title='bbox 647 2693 816 2743; x_wconf 79' lang='lat' dir='ltr'>quaedam</span> <span class='ocrx_word' id='word_1_586' title='bbox 833 2693 878 2729; x_wconf 88' lang='lat' dir='ltr'>de</span> <span class='ocrx_word' id='word_1_587' title='bbox 892 2694 1088 2742; x_wconf 73' lang='lat' dir='ltr'>praesentia</span> <span class='ocrx_word' id='word_1_588' title='bbox 1103 2695 1242 2743; x_wconf 84' lang='lat' dir='ltr'>sponsi.</span> 
     </span>
     <span class='ocr_line' id='line_1_80' title="bbox 256 2752 1245 2802; baseline -0.002 -11"><span class='ocrx_word' id='word_1_589' title='bbox 256 2758 296 2791; x_wconf 90' lang='lat' dir='ltr'>In</span> <span class='ocrx_word' id='word_1_590' title='bbox 327 2754 390 2790; x_wconf 88' lang='lat' dir='ltr'>illo</span> <span class='ocrx_word' id='word_1_591' title='bbox 421 2753 484 2802; x_wconf 91' lang='lat' dir='ltr'>qui</span> <span class='ocrx_word' id='word_1_592' title='bbox 513 2753 628 2789; x_wconf 90' lang='lat' dir='ltr'>solius</span> <span class='ocrx_word' id='word_1_593' title='bbox 648 2762 722 2798; x_wconf 85' lang='lat' dir='ltr'>est,</span> <span class='ocrx_word' id='word_1_594' title='bbox 744 2752 870 2802; x_wconf 86' lang='lat' dir='ltr'>sponsi</span> <span class='ocrx_word' id='word_1_595' title='bbox 901 2752 1039 2788; x_wconf 88' lang='lat' dir='ltr'>amoris</span> <span class='ocrx_word' id='word_1_596' title='bbox 1063 2754 1245 2801; x_wconf 75' lang='lat' dir='ltr'>exagitata</span> 
     </span>
     <span class='ocr_line' id='line_1_81' title="bbox 254 2811 1241 2855; baseline 0 -7"><span class='ocrx_word' id='word_1_597' title='bbox 254 2812 427 2849; x_wconf 74' lang='lat' dir='ltr'>incendio</span> <span class='ocrx_word' id='word_1_598' title='bbox 453 2811 604 2855; x_wconf 86' lang='lat' dir='ltr'>ebullit,</span> <span class='ocrx_word' id='word_1_599' title='bbox 623 2820 659 2847; x_wconf 91' lang='lat' dir='ltr'>et</span> <span class='ocrx_word' id='word_1_600' title='bbox 681 2811 861 2848; x_wconf 83' lang='lat' dir='ltr'>excrescit</span> <span class='ocrx_word' id='word_1_601' title='bbox 877 2812 993 2847; x_wconf 81' lang='lat' dir='ltr'>esl&#39;usa</span> <span class='ocrx_word' id='word_1_602' title='bbox 1020 2820 1056 2847; x_wconf 90' lang='lat' dir='ltr'>et</span> <span class='ocrx_word' id='word_1_603' title='bbox 1074 2812 1241 2848; x_wconf 76' lang='lat' dir='ltr'>effluens.</span> 
     </span>
     <span class='ocr_line' id='line_1_82' title="bbox 253 2870 1244 2919; baseline -0.002 -11"><span class='ocrx_word' id='word_1_604' title='bbox 253 2875 346 2908; x_wconf 85' lang='lat' dir='ltr'>Tota</span> <span class='ocrx_word' id='word_1_605' title='bbox 370 2870 642 2906; x_wconf 77' lang='lat' dir='ltr'>transfunditur</span> <span class='ocrx_word' id='word_1_606' title='bbox 662 2871 697 2906; x_wconf 94' lang='lat' dir='ltr'>in</span> <span class='ocrx_word' id='word_1_607' title='bbox 722 2871 866 2919; x_wconf 87' lang='lat' dir='ltr'>ipsum,</span> <span class='ocrx_word' id='word_1_608' title='bbox 883 2879 920 2906; x_wconf 93' lang='lat' dir='ltr'>et</span> <span class='ocrx_word' id='word_1_609' title='bbox 946 2870 980 2906; x_wconf 92' lang='lat' dir='ltr'>in</span> <span class='ocrx_word' id='word_1_610' title='bbox 1000 2871 1155 2907; x_wconf 84' lang='lat' dir='ltr'>similem</span> <span class='ocrx_word' id='word_1_611' title='bbox 1177 2870 1244 2906; x_wconf 85' lang='lat' dir='ltr'>al)-</span> 
     </span>
     <span class='ocr_line' id='line_1_83' title="bbox 254 2930 1243 2978; baseline 0 -13"><span class='ocrx_word' id='word_1_612' title='bbox 254 2930 428 2966; x_wconf 84' lang='lat' dir='ltr'>sorbetur</span> <span class='ocrx_word' id='word_1_613' title='bbox 452 2930 680 2978; x_wconf 89' lang='lat' dir='ltr'>qualitatem.</span> <span class='ocrx_word' id='word_1_614' title='bbox 703 2934 743 2966; x_wconf 93' lang='lat' dir='ltr'>ln</span> <span class='ocrx_word' id='word_1_615' title='bbox 766 2930 887 2978; x_wconf 90' lang='lat' dir='ltr'>primo</span> <span class='ocrx_word' id='word_1_616' title='bbox 909 2943 1023 2978; x_wconf 83' lang='lat' dir='ltr'>penes</span> <span class='ocrx_word' id='word_1_617' title='bbox 1048 2943 1085 2966; x_wconf 88' lang='lat' dir='ltr'>se</span> <span class='ocrx_word' id='word_1_618' title='bbox 1106 2938 1160 2966; x_wconf 87' lang='lat' dir='ltr'>est</span> <span class='ocrx_word' id='word_1_619' title='bbox 1179 2945 1186 2966; x_wconf 74' lang='grc' dir='ltr'>ε</span> <span class='ocrx_word' id='word_1_620' title='bbox 1207 2931 1243 2965; x_wconf 91' lang='lat' dir='ltr'>in</span> 
     </span>
     <span class='ocr_line' id='line_1_84' title="bbox 255 2989 1246 3040; baseline 0.002 -16"><span class='ocrx_word' id='word_1_621' title='bbox 255 2989 421 3024; x_wconf 80' lang='lat' dir='ltr'>secundo</span> <span class='ocrx_word' id='word_1_622' title='bbox 439 3002 552 3037; x_wconf 80' lang='lat' dir='ltr'>penes</span> <span class='ocrx_word' id='word_1_623' title='bbox 575 2989 674 3024; x_wconf 88' lang='lat' dir='ltr'>illam</span> <span class='ocrx_word' id='word_1_624' title='bbox 695 3001 855 3038; x_wconf 85' lang='lat' dir='ltr'>sponsus</span> <span class='ocrx_word' id='word_1_625' title='bbox 876 3003 883 3024; x_wconf 73' lang='grc' dir='ltr'>ε</span> <span class='ocrx_word' id='word_1_626' title='bbox 910 2989 944 3024; x_wconf 95' lang='lat' dir='ltr'>in</span> <span class='ocrx_word' id='word_1_627' title='bbox 969 2990 1078 3025; x_wconf 88' lang='lat' dir='ltr'>tertio</span> <span class='ocrx_word' id='word_1_628' title='bbox 1096 2990 1246 3040; x_wconf 88' lang='lat' dir='ltr'>penitus</span> 
     </span>
     <span class='ocr_line' id='line_1_85' title="bbox 255 3048 1248 3098; baseline 0.001 -14"><span class='ocrx_word' id='word_1_629' title='bbox 255 3057 310 3084; x_wconf 83' lang='lat' dir='ltr'>cst</span> <span class='ocrx_word' id='word_1_630' title='bbox 327 3049 403 3096; x_wconf 87' lang='lat' dir='ltr'>ipsa</span> <span class='ocrx_word' id='word_1_631' title='bbox 420 3061 534 3096; x_wconf 81' lang='lat' dir='ltr'>penes</span> <span class='ocrx_word' id='word_1_632' title='bbox 554 3048 694 3098; x_wconf 87' lang='lat' dir='ltr'>ipsum,</span> <span class='ocrx_word' id='word_1_633' title='bbox 717 3056 750 3083; x_wconf 80' lang='lat' dir='ltr'>et</span> <span class='ocrx_word' id='word_1_634' title='bbox 764 3076 773 3092; x_wconf 94' lang='lat'>,</span> <span class='ocrx_word' id='word_1_635' title='bbox 796 3048 824 3083; x_wconf 88' lang='lat' dir='ltr'>si</span> <span class='ocrx_word' id='word_1_636' title='bbox 843 3048 914 3083; x_wconf 73' lang='lat' dir='ltr'>diei</span> <span class='ocrx_word' id='word_1_637' title='bbox 935 3058 1076 3098; x_wconf 91' lang='lat' dir='ltr'>potest,</span> <span class='ocrx_word' id='word_1_638' title='bbox 1097 3063 1171 3085; x_wconf 88' lang='lat' dir='ltr'>non</span> <span class='ocrx_word' id='word_1_639' title='bbox 1192 3058 1248 3086; x_wconf 90' lang='lat' dir='ltr'>est</span> 
     </span>
     <span class='ocr_line' id='line_1_86' title="bbox 256 3106 1244 3156; baseline 0.003 -14"><span class='ocrx_word' id='word_1_640' title='bbox 256 3107 324 3142; x_wconf 89' lang='lat' dir='ltr'>nisi</span> <span class='ocrx_word' id='word_1_641' title='bbox 340 3107 430 3156; x_wconf 88' lang='lat' dir='ltr'>ipse.</span> <span class='ocrx_word' id='word_1_642' title='bbox 447 3109 487 3142; x_wconf 93' lang='lat' dir='ltr'>In</span> <span class='ocrx_word' id='word_1_643' title='bbox 506 3107 629 3155; x_wconf 90' lang='lat' dir='ltr'>primo</span> <span class='ocrx_word' id='word_1_644' title='bbox 645 3107 777 3154; x_wconf 79' lang='lat' dir='ltr'>quaerit</span> <span class='ocrx_word' id='word_1_645' title='bbox 797 3121 803 3142; x_wconf 88' lang='lat'><strong>:</strong></span> <span class='ocrx_word' id='word_1_646' title='bbox 823 3106 859 3141; x_wconf 90' lang='lat' dir='ltr'>iu</span> <span class='ocrx_word' id='word_1_647' title='bbox 876 3107 1041 3143; x_wconf 83' lang='lat' dir='ltr'>secundo</span> <span class='ocrx_word' id='word_1_648' title='bbox 1057 3108 1218 3144; x_wconf 77' lang='lat' dir='ltr'>adlia‘ret</span> <span class='ocrx_word' id='word_1_649' title='bbox 1237 3124 1244 3145; x_wconf 90' lang='lat'>:</span> 
     </span>
    </p>
   </div>
   <div class='ocr_carea' id='block_1_15' title="bbox 306 3234 991 3265">
    <p class='ocr_par' dir='ltr' id='par_1_18' title="bbox 306 3234 991 3265">
     <span class='ocr_line' id='line_1_87' title="bbox 306 3234 991 3265; baseline 0 -4"><span class='ocrx_word' id='word_1_650' title='bbox 306 3234 552 3265; x_wconf 71' lang='lat' dir='ltr'>¹1(‘30r.1v,-&#39;..</span> <span class='ocrx_word' id='word_1_651' title='bbox 589 3251 604 3252; x_wconf 40' lang='lat' dir='ltr'><em>n</em></span> <span class='ocrx_word' id='word_1_652' title='bbox 640 3238 649 3251; x_wconf 91' lang='lat'>²</span> <span class='ocrx_word' id='word_1_653' title='bbox 671 3235 695 3262; x_wconf 89' lang='lat' dir='ltr'>ll</span> <span class='ocrx_word' id='word_1_654' title='bbox 726 3234 794 3261; x_wconf 57' lang='lat' dir='ltr'>(lor.</span> <span class='ocrx_word' id='word_1_655' title='bbox 820 3244 868 3263; x_wconf 65' lang='lat' dir='ltr'>xi,</span> <span class='ocrx_word' id='word_1_656' title='bbox 900 3237 946 3262; x_wconf 93' lang='grc'>11.</span> <span class='ocrx_word' id='word_1_657' title='bbox 984 3252 991 3256; x_wconf 84' lang='lat'><strong>·</strong></span> 
     </span>
    </p>
   </div>
   <div class='ocr_carea' id='block_1_16' title="bbox 257 3285 686 3320">
    <p class='ocr_par' dir='ltr' id='par_1_19' title="bbox 257 3285 686 3320">
     <span class='ocr_line' id='line_1_88' title="bbox 257 3285 686 3320; baseline -0.005 -5"><span class='ocrx_word' id='word_1_658' title='bbox 257 3298 285 3318; x_wconf 78' lang='grc' dir='ltr'>ι,</span> <span class='ocrx_word' id='word_1_659' title='bbox 312 3290 361 3315; x_wconf 66' lang='lat'>151.</span> <span class='ocrx_word' id='word_1_660' title='bbox 406 3304 424 3306; x_wconf 36' lang='lat' dir='ltr'><em>v</em></span> <span class='ocrx_word' id='word_1_661' title='bbox 452 3291 463 3314; x_wconf 78' lang='grc' dir='ltr'><strong>τ</strong></span> <span class='ocrx_word' id='word_1_662' title='bbox 492 3285 560 3315; x_wconf 66' lang='lat' dir='ltr'>tsni.</span> <span class='ocrx_word' id='word_1_663' title='bbox 581 3296 588 3313; x_wconf 82' lang='grc' dir='ltr'>ι</span> <span class='ocrx_word' id='word_1_664' title='bbox 612 3309 617 3320; x_wconf 85' lang='grc'><em>,</em></span> <span class='ocrx_word' id='word_1_665' title='bbox 641 3289 686 3314; x_wconf 78' lang='lat' dir='ltr'>lo.</span> 
     </span>
    </p>
   </div>
   <div class='ocr_carea' id='block_1_17' title="bbox 1043 3232 1369 3268">
    <p class='ocr_par' dir='ltr' id='par_1_20' title="bbox 1043 3232 1369 3268">
     <span class='ocr_line' id='line_1_89' title="bbox 1043 3232 1369 3268; baseline 0.009 -5"><span class='ocrx_word' id='word_1_666' title='bbox 1043 3232 1140 3264; x_wconf 45' lang='lat' dir='ltr'>‘tuat</span> <span class='ocrx_word' id='word_1_667' title='bbox 1162 3246 1285 3268; x_wconf 70' lang='lat' dir='ltr'>xxxin.</span> <span class='ocrx_word' id='word_1_668' title='bbox 1317 3240 1369 3266; x_wconf 77' lang='lat'>90.</span> 
     </span>
    </p>
   </div>
   <div class='ocr_carea' id='block_1_18' title="bbox 1310 2636 2301 3159">
    <p class='ocr_par' dir='ltr' id='par_1_21' title="bbox 1310 2636 2301 3159">
     <span class='ocr_line' id='line_1_90' title="bbox 1310 2636 2299 2688; baseline 0.003 -16"><span class='ocrx_word' id='word_1_669' title='bbox 1310 2637 1397 2673; x_wconf 87' lang='lat' dir='ltr'>sitas</span> <span class='ocrx_word' id='word_1_670' title='bbox 1413 2636 1568 2682; x_wconf 88' lang='lat' dir='ltr'>attollit,</span> <span class='ocrx_word' id='word_1_671' title='bbox 1586 2636 1694 2684; x_wconf 78' lang='lat' dir='ltr'>juxta</span> <span class='ocrx_word' id='word_1_672' title='bbox 1719 2637 1818 2672; x_wconf 84' lang='lat' dir='ltr'>illam</span> <span class='ocrx_word' id='word_1_673' title='bbox 1844 2636 1889 2672; x_wconf 89' lang='lat' dir='ltr'>de</span> <span class='ocrx_word' id='word_1_674' title='bbox 1914 2637 2106 2673; x_wconf 81' lang='lat' dir='ltr'>Salvatore</span> <span class='ocrx_word' id='word_1_675' title='bbox 2133 2638 2299 2688; x_wconf 87' lang='lat' dir='ltr'>prophe-</span> 
     </span>
     <span class='ocr_line' id='line_1_91' title="bbox 1310 2695 2297 2743; baseline 0.002 -12"><span class='ocrx_word' id='word_1_676' title='bbox 1310 2696 1396 2731; x_wconf 90' lang='lat' dir='ltr'>tiam</span> <span class='ocrx_word' id='word_1_677' title='bbox 1414 2710 1421 2731; x_wconf 91' lang='lat'><strong>:</strong></span> <span class='ocrx_word' id='word_1_678' title='bbox 1442 2695 1640 2730; x_wconf 76' lang='lat' dir='ltr'>Amlmlmzt</span> <span class='ocrx_word' id='word_1_679' title='bbox 1653 2699 1688 2730; x_wconf 79' lang='lat' dir='ltr'>in</span> <span class='ocrx_word' id='word_1_680' title='bbox 1703 2695 1874 2739; x_wconf 77' lang='lat' dir='ltr'>tenebris,</span> <span class='ocrx_word' id='word_1_681' title='bbox 1891 2703 1925 2730; x_wconf 80' lang='lat' dir='ltr'>ee</span> <span class='ocrx_word' id='word_1_682' title='bbox 1939 2709 2011 2731; x_wconf 82' lang='lat' dir='ltr'>non</span> <span class='ocrx_word' id='word_1_683' title='bbox 2026 2705 2078 2732; x_wconf 77' lang='lat' dir='ltr'>ese</span> <span class='ocrx_word' id='word_1_684' title='bbox 2095 2702 2146 2732; x_wconf 82' lang='lat' dir='ltr'>cis</span> <span class='ocrx_word' id='word_1_685' title='bbox 2162 2701 2297 2743; x_wconf 77' lang='lat' dir='ltr'>lumen,</span> 
     </span>
     <span class='ocr_line' id='line_1_92' title="bbox 1310 2754 2301 2804; baseline 0.002 -14"><span class='ocrx_word' id='word_1_686' title='bbox 1310 2755 1372 2791; x_wconf 83' lang='lat' dir='ltr'>sed</span> <span class='ocrx_word' id='word_1_687' title='bbox 1395 2755 1566 2791; x_wconf 81' lang='lat' dir='ltr'>humanae</span> <span class='ocrx_word' id='word_1_688' title='bbox 1592 2755 1710 2791; x_wconf 88' lang='lat' dir='ltr'>laudis</span> <span class='ocrx_word' id='word_1_689' title='bbox 1739 2755 1887 2799; x_wconf 90' lang='lat' dir='ltr'>lumen,</span> <span class='ocrx_word' id='word_1_690' title='bbox 1913 2763 1955 2791; x_wconf 88' lang='lat' dir='ltr'>ut</span> <span class='ocrx_word' id='word_1_691' title='bbox 1974 2754 2129 2792; x_wconf 87' lang='lat' dir='ltr'>liberius</span> <span class='ocrx_word' id='word_1_692' title='bbox 2154 2767 2301 2804; x_wconf 80' lang='lat' dir='ltr'>sperent</span> 
     </span>
     <span class='ocr_line' id='line_1_93' title="bbox 1312 2817 2299 2864; baseline 0.005 -17"><span class='ocrx_word' id='word_1_693' title='bbox 1312 2818 1348 2848; x_wconf 78' lang='lat' dir='ltr'>in</span> <span class='ocrx_word' id='word_1_694' title='bbox 1377 2818 1523 2849; x_wconf 72' lang='lat' dir='ltr'>nomine</span> <span class='ocrx_word' id='word_1_695' title='bbox 1552 2817 1720 2857; x_wconf 65' lang='lat' dir='ltr'>Domini,</span> <span class='ocrx_word' id='word_1_696' title='bbox 1744 2824 1778 2849; x_wconf 68' lang='lat' dir='ltr'>ct</span> <span class='ocrx_word' id='word_1_697' title='bbox 1808 2819 2016 2850; x_wconf 65' lang='lat' dir='ltr'>[animatur</span> <span class='ocrx_word' id='word_1_698' title='bbox 2039 2829 2150 2864; x_wconf 75' lang='lat' dir='ltr'>super</span> <span class='ocrx_word' id='word_1_699' title='bbox 2178 2820 2299 2852; x_wconf 79' lang='lat' dir='ltr'>Deum</span> 
     </span>
     <span class='ocr_line' id='line_1_94' title="bbox 1310 2873 2297 2920; baseline 0.005 -13"><span class='ocrx_word' id='word_1_700' title='bbox 1310 2887 1413 2908; x_wconf 70' lang='lat' dir='ltr'>mum</span> <span class='ocrx_word' id='word_1_701' title='bbox 1431 2880 1456 2909; x_wconf 70' lang='grc' dir='ltr'>Τ.</span> <span class='ocrx_word' id='word_1_702' title='bbox 1480 2876 1647 2920; x_wconf 88' lang='lat' dir='ltr'>Quorum</span> <span class='ocrx_word' id='word_1_703' title='bbox 1674 2873 1915 2910; x_wconf 91' lang='lat' dir='ltr'>absconditus</span> <span class='ocrx_word' id='word_1_704' title='bbox 1939 2882 1993 2910; x_wconf 86' lang='lat' dir='ltr'>est</span> <span class='ocrx_word' id='word_1_705' title='bbox 2013 2874 2139 2911; x_wconf 91' lang='lat' dir='ltr'>vultus</span> <span class='ocrx_word' id='word_1_706' title='bbox 2153 2887 2297 2912; x_wconf 88' lang='lat' dir='ltr'>corum.</span> 
     </span>
     <span class='ocr_line' id='line_1_95' title="bbox 1310 2932 2300 2984; baseline 0.004 -17"><span class='ocrx_word' id='word_1_707' title='bbox 1310 2932 1419 2968; x_wconf 82' lang='lat' dir='ltr'>Unde</span> <span class='ocrx_word' id='word_1_708' title='bbox 1451 2946 1518 2968; x_wconf 89' lang='lat' dir='ltr'>nec</span> <span class='ocrx_word' id='word_1_709' title='bbox 1548 2933 1802 2982; x_wconf 77' lang='lat' dir='ltr'>reputavimus</span> <span class='ocrx_word' id='word_1_710' title='bbox 1830 2946 1912 2978; x_wconf 86' lang='lat' dir='ltr'>eos,</span> <span class='ocrx_word' id='word_1_711' title='bbox 1934 2933 2011 2969; x_wconf 90' lang='lat' dir='ltr'>imo</span> <span class='ocrx_word' id='word_1_712' title='bbox 2041 2934 2104 2982; x_wconf 91' lang='lat' dir='ltr'>qui</span> <span class='ocrx_word' id='word_1_713' title='bbox 2133 2947 2171 2971; x_wconf 86' lang='lat' dir='ltr'>se</span> <span class='ocrx_word' id='word_1_714' title='bbox 2200 2935 2300 2984; x_wconf 91' lang='lat' dir='ltr'>ipsos</span> 
     </span>
     <span class='ocr_line' id='line_1_96' title="bbox 1310 2991 2300 3041; baseline 0.003 -15"><span class='ocrx_word' id='word_1_715' title='bbox 1310 2991 1410 3027; x_wconf 91' lang='lat' dir='ltr'>intus</span> <span class='ocrx_word' id='word_1_716' title='bbox 1431 3004 1509 3027; x_wconf 83' lang='lat' dir='ltr'>non</span> <span class='ocrx_word' id='word_1_717' title='bbox 1537 2999 1733 3041; x_wconf 84' lang='lat' dir='ltr'>reputant;</span> <span class='ocrx_word' id='word_1_718' title='bbox 1750 2992 1813 3040; x_wconf 92' lang='lat' dir='ltr'>qui</span> <span class='ocrx_word' id='word_1_719' title='bbox 1835 3004 1873 3027; x_wconf 85' lang='lat' dir='ltr'>se</span> <span class='ocrx_word' id='word_1_720' title='bbox 1891 2991 2019 3027; x_wconf 90' lang='lat' dir='ltr'>mundi</span> <span class='ocrx_word' id='word_1_721' title='bbox 2039 2992 2084 3028; x_wconf 92' lang='lat' dir='ltr'>ad</span> <span class='ocrx_word' id='word_1_722' title='bbox 2103 3005 2192 3029; x_wconf 91' lang='lat' dir='ltr'>usus</span> <span class='ocrx_word' id='word_1_723' title='bbox 2211 2993 2300 3029; x_wconf 81' lang='lat' dir='ltr'>soris</span> 
     </span>
     <span class='ocr_line' id='line_1_97' title="bbox 1311 3050 2298 3100; baseline 0.004 -16"><span class='ocrx_word' id='word_1_724' title='bbox 1311 3062 1385 3085; x_wconf 89' lang='lat' dir='ltr'>non</span> <span class='ocrx_word' id='word_1_725' title='bbox 1409 3058 1558 3098; x_wconf 86' lang='lat' dir='ltr'>aptant;</span> <span class='ocrx_word' id='word_1_726' title='bbox 1586 3050 1649 3099; x_wconf 88' lang='lat' dir='ltr'>qui</span> <span class='ocrx_word' id='word_1_727' title='bbox 1678 3064 1746 3085; x_wconf 78' lang='lat' dir='ltr'>nec</span> <span class='ocrx_word' id='word_1_728' title='bbox 1770 3050 1964 3086; x_wconf 88' lang='lat' dir='ltr'>hominum</span> <span class='ocrx_word' id='word_1_729' title='bbox 1989 3050 2035 3086; x_wconf 89' lang='lat' dir='ltr'>ab</span> <span class='ocrx_word' id='word_1_730' title='bbox 2055 3064 2121 3087; x_wconf 88' lang='lat' dir='ltr'>ore</span> <span class='ocrx_word' id='word_1_731' title='bbox 2143 3052 2298 3100; x_wconf 81' lang='lat' dir='ltr'>gloriam</span> 
     </span>
     <span class='ocr_line' id='line_1_98' title="bbox 1312 3109 2299 3159; baseline 0.003 -16"><span class='ocrx_word' id='word_1_732' title='bbox 1312 3117 1511 3159; x_wconf 79' lang='lat' dir='ltr'>exoptant,</span> <span class='ocrx_word' id='word_1_733' title='bbox 1527 3109 1591 3146; x_wconf 86' lang='lat' dir='ltr'>sed</span> <span class='ocrx_word' id='word_1_734' title='bbox 1618 3110 1716 3145; x_wconf 89' lang='lat' dir='ltr'>illam</span> <span class='ocrx_word' id='word_1_735' title='bbox 1736 3123 1818 3158; x_wconf 74' lang='lat' dir='ltr'>qua·</span> <span class='ocrx_word' id='word_1_736' title='bbox 1838 3123 1881 3145; x_wconf 83' lang='lat' dir='ltr'>ex</span> <span class='ocrx_word' id='word_1_737' title='bbox 1903 3110 1982 3145; x_wconf 92' lang='lat' dir='ltr'>solo</span> <span class='ocrx_word' id='word_1_738' title='bbox 1999 3113 2078 3146; x_wconf 87' lang='lat' dir='ltr'>Deo</span> <span class='ocrx_word' id='word_1_739' title='bbox 2102 3118 2174 3157; x_wconf 86' lang='lat' dir='ltr'>est,</span> <span class='ocrx_word' id='word_1_740' title='bbox 2191 3109 2299 3159; x_wconf 75' lang='lat' dir='ltr'>juxta</span> 
     </span>
    </p>
   </div>
   <div class='ocr_carea' id='block_1_19' title="bbox 1445 3233 2297 3272">
    <p class='ocr_par' dir='ltr' id='par_1_22' title="bbox 1445 3233 2297 3272">
     <span class='ocr_line' id='line_1_99' title="bbox 1445 3233 2297 3272; baseline 0 -7"><span class='ocrx_word' id='word_1_741' title='bbox 1445 3236 1456 3260; x_wconf 67' lang='grc' dir='ltr'>-ὶ</span> <span class='ocrx_word' id='word_1_742' title='bbox 1474 3236 1535 3266; x_wconf 80' lang='lat' dir='ltr'>Job</span> <span class='ocrx_word' id='word_1_743' title='bbox 1556 3247 1656 3272; x_wconf 58' lang='lat' dir='ltr'>xxxv,</span> <span class='ocrx_word' id='word_1_744' title='bbox 1680 3240 1728 3266; x_wconf 77' lang='lat' dir='ltr'>w,</span> <span class='ocrx_word' id='word_1_745' title='bbox 1748 3256 1785 3259; x_wconf 68' lang='lat'>—</span> <span class='ocrx_word' id='word_1_746' title='bbox 1803 3233 1815 3256; x_wconf 80' lang='lat'>⁵</span> <span class='ocrx_word' id='word_1_747' title='bbox 1841 3236 1918 3266; x_wconf 72' lang='lat' dir='ltr'>I‘sal.</span> <span class='ocrx_word' id='word_1_748' title='bbox 1938 3246 2011 3271; x_wconf 72' lang='lat' dir='ltr'>xri,</span> <span class='ocrx_word' id='word_1_749' title='bbox 2036 3238 2066 3265; x_wconf 90' lang='grc'>9.</span> <span class='ocrx_word' id='word_1_750' title='bbox 2086 3254 2126 3257; x_wconf 84' lang='lat'>—</span> <span class='ocrx_word' id='word_1_751' title='bbox 2146 3233 2160 3256; x_wconf 71' lang='grc' dir='ltr'>ὗ</span> <span class='ocrx_word' id='word_1_752' title='bbox 2181 3236 2297 3267; x_wconf 76' lang='lat' dir='ltr'>Cautie.</span> 
     </span>
    </p>
   </div>
  </div>
 </body>
</html>
