2418 3949
135 257 233 295 1233

781 255 846 290 DE
874 253 1046 290 VERBIS
1074 252 1249 288 DOMINI
1276 253 1325 287 IN
1354 252 1522 290 COENA.

2067 251 2168 289 1234

134 334 269 370 naliter
287 331 325 369 in
346 331 510 382 optimO,
532 330 598 379 qui
617 338 672 366 est
690 333 793 367 Deus
810 329 1030 367 benedictus
1049 342 1118 380 per
1128 327 1225 364 ὓΉίιι
1245 328 1405 374 virtute,
1437 330 1475 365 in
1509 327 1697 378 potentia,
1728 327 1767 363 in
1799 327 1988 364 creatione
2016 341 2140 364 rerum
2166 343 2173 364 :

135 393 280 430 saecula.
401 430 409 433 ,

189 453 224 488 9.
247 455 277 489 O
298 449 526 487 dilectissimi
545 449 674 484 fratres
688 476 698 493 ,
724 461 850 484 nonne
868 448 947 484 haec
962 448 1127 497 pretiosa

138 510 273 547 domus
293 523 407 558 super
426 509 497 544 mel
519 516 556 544 et
578 508 702 543 favum
733 507 913 544 dulcescit
932 508 969 544 in
997 507 1126 544 cordi-

137 568 209 605 bus
247 568 406 604 vestris?
437 579 564 603 nonne
583 595 592 612 ,
630 567 753 602 anima
785 567 1005 612 christiana,
1040 570 1128 603 Jesu

139 627 274 665 Christi
291 639 426 676 sponsa
442 624 596 670 dilecta,
619 626 689 661 tuis
705 626 974 676 paranymphis
990 627 1129 662 anima-

139 686 210 723 bus
227 694 440 723 sanctorum
467 694 504 721 et
531 684 725 734 spiritibus
749 686 924 734 angelicis
943 687 1131 735 imperans

141 745 288 790 flendo,
309 754 345 781 et
366 746 518 794 plorans
540 744 729 793 rogando,
750 744 873 790 dices,
894 747 1006 780 Filioe
1024 747 1129 780 Jeru-

140 807 256 840 salem
273 833 284 849 ,
316 809 484 839 nuntiate
509 805 641 839 dilecto
671 808 761 851 quia
791 808 870 849 ejus
896 817 1022 839 amore
1048 807 1131 839 lan—

142 877 236 912 gueo
255 864 292 898 ¹?
312 867 448 899 Parum
474 862 580 898 illum
602 861 743 910 diligis,
763 863 792 899 si
814 876 884 912 pro
904 862 984 911 ejus
1004 873 1132 898 amore

141 922 311 972 quotidie
332 935 408 958 non
440 923 566 971 ploras
593 930 630 958 et
657 923 800 971 gemis:
823 935 909 958 nam
935 922 1034 958 illius
1063 920 1132 957 ab—

141 981 262 1019 sentia
281 993 429 1030 sponsae
450 980 619 1029 diligenti
643 981 737 1017 solet
757 981 892 1017 fluvius
909 993 988 1016 esse
1008 980 1131 1028 lacry-

142 1054 303 1078 marum.
322 1043 414 1077 Cum
429 1040 534 1076 illum
552 1040 686 1089 quaerit
703 1048 739 1076 et
755 1052 831 1076 non
845 1039 1010 1085 invenit,
1023 1047 1135 1075 vocat

1137 388 1167 421 A
1188 402 1264 425 non
1294 389 1481 438 posterior
1510 402 1555 424 eo
1583 388 1640 424 vel
1674 388 1800 437 prior,
1831 400 1907 423 ῐιοιι
1935 387 2078 436 major,
2112 401 2181 423 nec

1191 449 1338 493 minor;
1369 448 1433 483 sed
1462 448 1618 484 omnino
1638 448 1689 483 illi
1719 447 1886 496 aequalis.
1910 448 2013 484 Alius
2034 461 2114 484 sum
2143 449 2182 483 in

1194 520 1355 557 persona
1368 536 1377 553 ,
1397 520 1472 542 non
1491 507 1585 543 alius
1603 508 1639 543 in
1659 515 1816 543 natura:
1835 520 1919 543 nam
1938 507 2006 543 alia
2025 516 2080 544 est
2094 520 2184 556 per-

1194 580 1283 603 sona
1315 567 1456 612 Patris,
1485 566 1555 602 alia
1589 567 1694 611 Filii,
1725 566 1795 602 alia
1828 566 1988 615 Spiritus
2019 567 2133 602 sancti
2152 572 2179 600 ².

1193 625 1314 662 Verba
1333 639 1416 674 quae
1434 638 1502 674 ego
1528 626 1661 674 loquor
1687 625 1794 661 vohis
1808 654 1816 670 ,
1840 626 1957 662 Patris
1983 627 2054 662 mei
2072 633 2183 662 sunt:

1197 685 1284 735 quia
1300 685 1379 734 ipse
1397 698 1455 720 me
1473 685 1590 730 misit3
1606 693 1641 721 et
1655 698 1724 733 ego
1740 698 1820 721 sum
1837 684 1884 721 ab
1899 686 2000 735 ipso,
2021 694 2056 721 et
2072 685 2187 722 verba

1197 757 1278 780 mea
1298 752 1385 779 sunt
1405 743 1451 780 ab
1474 744 1568 793 ipso.
1590 745 1654 781 Vol
1673 745 1805 780 aliter:
1827 747 1957 780 Sermo
1982 758 2093 793 quem
2117 758 2188 781 au-

1197 802 1321 847 distis,
1342 809 1418 838 'non
1443 811 1498 839 cst
1521 816 1647 846 meus,
1670 803 1707 839 id
1725 812 1801 849 est,
1823 816 1898 839 non
1920 812 1975 839 est
2005 805 2187 853 assumpti

1196 861 1380 907 hominis,
1399 861 1463 897 sed
1484 862 1551 898 Dei
1573 863 1816 907 assumenti53
1843 875 1916 898 non
1935 870 1992 899 est
2009 862 2091 899 Filii
2117 863 2187 898 ho-

1198 920 1327 966 minis,
1343 921 1407 957 sed
1423 929 1477 957 est
1492 921 1573 958 Filii
1587 922 1655 958 Dei
1673 935 1680 956 :
1698 934 1773 957 non
1791 930 1846 958 est
1862 934 1964 957 meus
1980 921 2188 957 secundum

1198 979 1302 1028 quod
1323 988 1431 1016 natus
1456 993 1536 1015 sum
1562 980 1608 1016 de
1629 981 1804 1028 Virgine,
1826 980 1891 1016 sed
1920 988 1976 1016 est
2004 993 2108 1016 meus
2135 993 2190 1017 se-

1200 1038 1365 1076 cundum
1394 1039 1494 1088 quod
1529 1052 1609 1075 sum
1632 1040 1778 1088 genitus
1807 1052 1827 1075 a
1847 1043 1929 1076 Deo
1951 1043 2079 1085 Patre3
2112 1053 2189 1075 non

142 1108 179 1136 et
198 1113 274 1136 non
304 1098 527 1149 respondet,
558 1099 608 1134 nil
633 1099 700 1135 nisi
729 1098 819 1135 flere
839 1111 920 1134 eam
945 1097 1131 1134 delectat:
1152 1100 1178 1132 B
1199 1107 1254 1135 est
1273 1112 1378 1135 meus
1394 1099 1430 1135 in
1450 1112 1494 1135 eo
1515 1099 1618 1147 quod
1640 1112 1721 1134 sum
1740 1099 1837 1134 filius
1853 1099 2032 1148 Virginis,
2054 1099 2118 1135 sed
2134 1108 2190 1135 est

142 1168 179 1197 et
199 1168 239 1196 ut
255 1159 288 1196 ei
308 1159 424 1208 magis
444 1158 533 1194 flere
550 1157 683 1203 libeat,
701 1170 813 1194 omne
833 1157 935 1206 quod
957 1157 1061 1194 triste
1078 1165 1134 1193 est

143 1226 352 1255 coacervat.
382 1217 466 1255 Scio
496 1225 532 1253 et
551 1225 675 1253 certus
702 1229 784 1252 sum
815 1216 917 1265 quod
947 1215 1134 1265 absterget

141 1280 244 1313 Deus
278 1289 429 1312 omnem
458 1276 664 1324 lacrymam
696 1274 743 1311 ab
775 1275 892 1312 oculis
921 1275 1023 1324 ejus,
1047 1289 1132 1312 cum

140 1336 288 1371 venerit
311 1335 389 1371 dics
410 1335 626 1384 nuptiarum
655 1334 791 1372 Christi
815 1335 1008 1381 Ecclesiae,
1039 1343 1133 1371 tem-

140 1407 234 1444 pore
252 1395 316 1431 illo
334 1407 410 1443 quo
425 1394 564 1431 fuerint
579 1395 743 1443 virgines
759 1394 985 1430 introductae
1002 1394 1038 1430 in
1058 1394 1134 1430 tha-

141 1455 281 1490 lamum
311 1453 424 1502 Regis
453 1453 598 1489 aeterni.
630 1453 701 1490 Sed
728 1453 920 1502 quomodo
940 1452 987 1489 ab
1015 1453 1134 1489 oculis

142 1512 216 1549 tuis
235 1511 424 1561 absterget
440 1512 642 1561 lacrymas,
666 1512 695 1548 si
719 1525 789 1561 pro
809 1511 890 1561 ejus
907 1525 1036 1549 amore
1057 1525 1133 1549 non

141 1571 259 1620 gemis
278 1579 315 1607 et
337 1571 490 1619 ploras?
509 1570 630 1606 Credo
648 1570 749 1619 quod
771 1584 902 1620 parum
925 1571 1030 1607 illum
1049 1571 1136 1607 dili-

142 1631 217 1679 gis,
239 1629 269 1666 si
288 1642 358 1679 pro
377 1629 459 1678 ejus
479 1642 608 1665 amore
636 1642 713 1665 non
735 1631 901 1679 suspiras
921 1639 957 1666 et
976 1631 1133 1679 plangis.

141 1689 178 1725 Si
197 1688 248 1724 sic
262 1701 319 1732 es,
334 1688 540 1725 monachus
557 1701 634 1724 non
650 1701 704 1725 es.
725 1688 794 1726 Sed
813 1688 906 1724 dicis
925 1689 1037 1725 mihi:
1056 1692 1134 1738 Ego

142 1760 217 1785 non
234 1760 385 1798 possum
407 1747 510 1784 flere.
528 1747 585 1784 Ad
603 1760 715 1796 quem
736 1760 806 1797 ego
825 1763 832 1784 :
854 1748 945 1784 Ideo
963 1761 1038 1784 non
1056 1749 1135 1797 plo-

143 1820 222 1852 ras,
247 1808 334 1856 quia
355 1807 543 1845 Christum
567 1808 733 1856 perfecte
753 1821 828 1844 non
850 1821 963 1844 amas.
988 1813 1134 1857 Lacry—

1199 1171 1305 1195 meus
1321 1159 1357 1194 in
1375 1171 1421 1195 eo
1435 1159 1536 1207 quod
1554 1172 1635 1194 sum
1652 1159 1766 1194 Filius
1781 1159 1849 1195 Dei
1864 1159 1995 1194 Patris.
2011 1159 2191 1207 Superius

1198 1215 1311 1261 dixit,
1339 1216 1415 1261 Qui
1440 1230 1512 1251 non
1539 1218 1663 1263 diligit
1679 1229 1758 1257 me,
1786 1229 1968 1251 sermones
1993 1229 2090 1251 meos
2117 1231 2191 1252 non

1197 1284 1315 1310 servat
1332 1289 1343 1309 .·
1363 1274 1423 1311 hic
1450 1283 1574 1311 autem
1594 1275 1705 1319 dixit,
1724 1276 1932 1309 Sermonem
1949 1289 2055 1323 quem
2082 1278 2194 1311 andi-

1197 1340 1279 1378 stis,
1311 1349 1382 1370 ηοη
1414 1343 1467 1370 est
1500 1348 1612 1370 meus.
1645 1334 1826 1383 Superius
1855 1333 1964 1379 dicit,
1999 1337 2193 1370 Sermones

1199 1408 1297 1429 meos
1316 1408 1327 1429 :
1344 1407 1446 1430 nunc
1471 1403 1596 1430 autem
1617 1393 1727 1438 dicit,
1754 1394 1962 1429 Sermonem
1989 1407 2096 1441 quem
2121 1408 2192 1429 mc-

1199 1456 1324 1495 discis,
1347 1466 1418 1488 non
1437 1461 1487 1488 est
1504 1466 1616 1488 meus.
1634 1452 1750 1489 Valde
1770 1453 1958 1488 contraria
1978 1462 2085 1498 sunt,
2109 1457 2191 1498 Est3

1199 1520 1257 1557 et,
1275 1516 1356 1549 Non
1372 1521 1427 1548 est
1446 1527 1453 1548 :
1473 1516 1591 1556 Sunt,
1610 1519 1659 1557 et,
1675 1515 1758 1548 Non
1774 1520 1861 1548 sunt
1880 1526 1887 1547 ε
1905 1515 1970 1548 Est
1987 1525 2090 1548 meus
2106 1527 2115 1557 ;
2139 1522 2188 1558 et,

1201 1575 1282 1609 Non
1303 1580 1358 1608 est
1379 1584 1510 1608 meus:
1532 1573 1626 1607 Sunt
1643 1571 1736 1615 mei3
1756 1578 1814 1614 et,
1837 1574 1920 1607 Non
1942 1579 2029 1607 sunt
2044 1571 2128 1607 mei.
2148 1574 2194 1607 Et

1203 1639 1325 1666 tamen
1345 1630 1442 1665 sicut
1460 1629 1607 1666 Veritas
1627 1630 1817 1678 loquitur,
1842 1630 1892 1665 ita
1911 1637 1978 1666 est.
1998 1632 2092 1666 Sunt
2109 1630 2165 1666 sui
2179 1657 2190 1674 ‚

1202 1689 1239 1724 iu
1254 1696 1436 1738 quantum
1450 1691 1626 1733 Creator,
1645 1702 1720 1724 non
1736 1688 1774 1724 in
1790 1697 1971 1737 quantum
1994 1697 2164 1725 creatura
2183 1703 2190 1724 z

1200 1749 1237 1784 in
1261 1756 1441 1797 (plantum
1458 1751 1560 1784 Deus
1573 1776 1582 1792 ‚
1599 1761 1674 1783 non
1695 1748 1730 1783 in
1746 1756 1928 1796 quantum
1951 1748 2076 1784 homo.
2096 1751 2192 1785 Sunt

1202 1808 1281 1852 sui,
1305 1807 1391 1856 quia
1412 1806 1537 1842 omnia
1557 1820 1624 1856 per
1650 1808 1771 1856 ipsum
1800 1807 1894 1842 facta
1914 1815 2021 1852 sunt,
2044 1815 2081 1843 et
2111 1807 2192 1843 sine

143 1879 213 1903 mae
232 1879 322 1915 ergo
343 1874 454 1903 testes
475 1868 612 1902 amoris
635 1875 732 1903 sunt.
755 1867 792 1904 Si
813 1880 888 1903 non
915 1868 1042 1917 ploras
1060 1881 1129 1916 pro
1149 1872 1175 1906 C
1195 1868 1278 1917 ipso
1295 1868 1501 1903 factumest
1518 1866 1608 1901 nihil
1627 1864 1651 1902 ³.
1675 1870 1758 1903 Non
1775 1874 1861 1902 sunt
1875 1866 1952 1912 sui,
1974 1866 2038 1903 sed
2059 1867 2191 1911 Patris,

143 1939 272 1963 amore
290 1926 439 1975 patriae,
459 1926 594 1975 plange
614 1934 736 1962 tamen
757 1939 829 1975 pro
849 1926 981 1962 timore
1001 1926 1137 1976 gehen-

144 2000 213 2024 nae.
239 1987 311 2025 Sed
342 1986 459 2023 dicis:
483 1990 558 2024 Nec
588 1987 659 2023 hoc
682 1999 849 2036 possum.
884 1986 951 2024 Cui
979 2000 1048 2035 ego
1070 2001 1076 2021 :
1101 1987 1137 2024 Si

143 2045 216 2082 hoc
242 2059 319 2082 non
348 2054 475 2095 potes;
510 2059 578 2082 nec
609 2047 715 2082 times
737 2054 918 2091 mortem,
944 2059 1012 2082 nec
1034 2059 1136 2083 amas

143 2106 280 2151 vitam3
301 2114 337 2141 et
357 2105 387 2141 si
409 2106 577 2151 timeres,
609 2114 673 2141 aut
704 2118 862 2154 parum,
893 2114 957 2141 aut
985 2119 1030 2142 cx
1056 2114 1135 2141 toto

145 2164 250 2200 nihil.
265 2167 320 2200 Tu
334 2173 456 2200 autem
471 2164 530 2200 cui
546 2172 717 2200 servatur
733 2163 928 2200 haereditas
944 2164 978 2199 in
998 2173 1136 2201 :eterna

145 2223 240 2267 vita,
262 2226 383 2260 Deum
402 2223 509 2268 time,
533 2231 569 2259 et
587 2221 669 2270 ejus
687 2222 861 2258 mandata
879 2222 1038 2258 custodi.
1062 2225 1134 2269 Qui

145 2295 218 2317 non
241 2284 359 2331 dlligil
379 2296 460 2326 me,
490 2282 541 2318 ait
571 2282 754 2318 Dominus
773 2285 880 2318 Jesus
906 2282 1020 2318 Filius
1042 2282 1132 2328 Dei,

145 2355 330 2377 sermones
347 2355 445 2377 meos
459 2355 533 2377 non
547 2351 677 2377 servat.
695 2345 769 2378 Nos
784 2341 886 2377 illum
906 2354 975 2390 pro
992 2340 1135 2377 viribus

146 2400 363 2451 diligamus,
398 2409 434 2436 et
463 2401 562 2436 illius
599 2409 787 2449 praecepta
808 2413 1019 2445 servemus,
1049 2401 1136 2449 quia

145 2460 233 2496 inde
253 2473 386 2509 magna
403 2460 574 2508 sequitur
591 2472 747 2496 merces.

203 2519 262 2556 10.
282 2519 393 2567 Quod
414 2532 503 2555 vero
523 2519 692 2568 sequitur
705 2547 714 2564 ,
737 2520 789 2554 Ec
810 2533 1012 2555 sermonem
1027 2532 1134 2567 quem

146 2580 322 2623 audistis,
349 2592 422 2614 nou
452 2588 503 2614 est
527 2592 626 2614 meus
641 2608 651 2624 ,
680 2578 732 2615 sic
751 2587 806 2615 est
829 2578 1133 2628 intelligendum,

1202 1928 1289 1977 quia
1303 1927 1422 1963 sactus
1435 1935 1489 1963 cst
1507 1925 1688 1963 obediens
1702 1939 1820 1976 usquc
1837 1925 1883 1962 ad
1902 1935 2078 1972 mortem,
2094 1940 2197 1962 mor-

1205 1995 1278 2023 tem
1298 1995 1421 2023 autem
1444 1986 1563 2022 crucis
1576 1986 1603 2022 ²⁵.

1258 2048 1319 2083 ll.
1343 2046 1409 2082 Vel
1428 2045 1522 2082 forte
1540 2045 1611 2081 hoc
1631 2045 1719 2082 dicit
1732 2074 1741 2091 ,
1756 2054 1798 2082 ut
1814 2046 1985 2095 discipuli
2006 2044 2087 2094 ejus
2100 2075 2109 2091 ,
2128 2045 2193 2094 qui

1203 2105 1373 2142 nondum
1405 2105 1442 2140 in
1469 2105 1574 2141 illum
1600 2106 1765 2154 perfecte
1792 2104 2014 2148 credebant,
2051 2105 2195 2141 firmius

1202 2178 1268 2202 sua
1284 2172 1471 2214 praecepta
1487 2172 1669 2210 tenerent,
1684 2173 1721 2201 et
1736 2164 1912 2201 obnixius
1928 2164 2192 2209 obserxarent3

1202 2225 1290 2261 dum
1313 2225 1451 2261 scirent
1473 2225 1533 2260 illa
1554 2233 1742 2274 praecepta
1758 2238 1836 2261 esse
1855 2225 1923 2261 Dei
1944 2226 2062 2261 Patris
2082 2225 2198 2260 saeto-

1203 2284 1253 2320 ris
1274 2292 1311 2319 et
1332 2283 1511 2319 creatoris
1532 2292 1769 2319 cunctorum.
1789 2283 1942 2332 Majoris
1960 2284 2058 2319 enim
2083 2283 2198 2319 subli-

1202 2343 1340 2379 mitatis
1352 2371 1360 2386 ,
1378 2342 1531 2390 majoris
1549 2343 1778 2379 excellentiae
1793 2352 1828 2379 et
1843 2343 2032 2391 dignitatis
2049 2356 2199 2392 semper

1202 2403 1352 2438 videtur
1372 2411 1479 2452 pater
1498 2415 1577 2438 esse
1598 2416 1708 2451 quam
1730 2404 1827 2439 filius
1848 2419 1855 2439 :
1880 2404 1949 2440 hoc
1969 2403 2052 2439 dieo
2072 2404 2108 2439 iu
2133 2404 2198 2439 hu-

1203 2462 1404 2506 manitate,
1428 2475 1502 2497 non
1525 2462 1561 2497 in
1581 2461 1797 2508 ‹livinitate3
1825 2463 1912 2511 quia
1933 2463 1970 2498 in
2001 2462 2196 2498 divinitate

1202 2519 1317 2557 Filius
1336 2520 1434 2556 Patri
1454 2528 1510 2556 est
1527 2521 1700 2568 aequalis,
1723 2534 1799 2557 non
1822 2535 1867 2557 eo
1890 2522 2094 2570 posterior,
2119 2536 2196 2558 nou

1203 2592 1247 2616 eo
1266 2579 1410 2624 minor;
1427 2580 1579 2628 aequalis
1597 2580 1695 2616 Patri
1711 2581 1917 2617 secuudum
1940 2582 2172 2618 divinitatem
2189 2611 2198 2626 ,

148 2641 278 2675 Sermo
297 2652 402 2686 quem
427 2640 606 2681 (aulis-lis,
635 2652 706 2673 mm
730 2648 781 2673 est
807 2652 929 2681 [ηομες
950 2647 986 2675 et
1011 2646 1067 2674 est
1087 2637 1138 2674 ibi
1154 2647 1186 2680 D
1205 2638 1331 2673 minor
1351 2641 1458 2674 Patre
1480 2638 1686 2674 secundum
1709 2639 1977 2676 humanitatem
1995 2639 2020 2676 ⁵.
2042 2644 2090 2677 t't
2108 2654 2198 2689 ergo

148 2697 318 2747 quaedam
341 2697 457 2746 ligura
481 2710 564 2745 quae
583 2696 722 2732 dicitur
741 2697 938 2746 antiptosis
952 2725 961 2742 ,
986 2696 1139 2746 quando

149 2769 256 2793 casus
272 2756 426 2805 ponitur
444 2769 513 2804 pro
530 2768 629 2791 casu.
653 2759 759 2805 Rogo
777 2764 832 2800 tc,
854 2768 898 2791 ne
921 2764 955 2791 te
975 2763 1137 2800 moveat,

150 2830 196 2852 ne
219 2825 251 2852 te
269 2815 491 2860 conturbet,
514 2815 578 2863 qui
601 2823 713 2850 totam
736 2828 838 2864 spem
859 2823 957 2850 tuam
976 2815 1086 2863 ponis
1102 2814 1140 2850 in

149 2876 352 2913 Dominum
370 2878 496 2911 Jcsum
514 2874 720 2919 Christum,
742 2883 839 2910 etex
862 2882 940 2909 toto
960 2874 1073 2910 eorde
1089 2874 1142 2910 di-

150 2935 230 2984 ligis
244 2934 347 2970 illum
361 2962 370 2978 ,
389 2933 545 2969 eredens
559 2933 662 2968 illum
679 2946 758 2969 esse
772 2946 903 2969 verum
920 2937 1039 2969 Deum
1057 2945 1140 2969 cum

151 2998 259 3031 Patre
279 3001 316 3029 et
342 2992 482 3042 Spiritu
503 3001 651 3038 sancto,
683 2992 774 3028 illud
796 2992 897 3041 quod
920 2991 1034 3028 dicit:
1057 2994 1141 3027 Scr-

152 3067 295 3090 mouem
311 3066 416 3101 quem
432 3053 583 3087 audistis
594 3081 604 3096 ‚
622 3065 694 3086 mm
711 3061 763 3087 cst
778 3066 878 3087 luens
891 3082 902 3096 ,
918 3054 984 3087 sed
998 3053 1141 3095 Patris,-

151 3115 239 3163 quia
253 3126 322 3162 ego
343 3125 418 3148 non
437 3124 518 3147 sum
538 3124 556 3147 a
580 3124 657 3155 inc,
678 3111 742 3147 sed
761 3125 780 3147 a
799 3115 921 3148 Patre.
938 3114 1025 3147 Sum
1044 3115 1144 3147 Deus

152 3174 197 3210 (le
215 3177 314 3218 Deo,
333 3173 459 3208 lumen
475 3171 520 3207 dc
538 3171 699 3215 lumine,
718 3171 886 3207 Filiusde
903 3174 1019 3207 l’atre.
1039 3173 1146 3206 l'uus

153 3245 235 3269 cum
255 3232 318 3268 illo
339 3231 373 3267 iu
391 3231 568 3276 essentia,
593 3231 629 3267 iu
647 3230 862 3279 majestate,
880 3232 915 3266 iu
935 3230 1144 3274 divinitate,

205 3365 210 3378 ¹
229 3357 346 3388 Cautic.
364 3369 395 3395 v,
417 3361 446 3389 8.
469 3377 507 3380 ——
531 3363 541 3378 ²
560 3356 710 3389 Albanas.
731 3357 760 3388 iu
775 3356 934 3399 symbulo.
955 3375 994 3379 —
1018 3355 1029 3377 ³
1046 3360 1139 3388 Joan.
1157 3368 1185 3395 ι,
1209 3361 1240 3389 3.
1260 3377 1298 3380 —-
1320 3357 1333 3382 4
1355 3357 1490 3400 Philipp.
1513 3369 1536 3388 ιι
1553 3382 1560 3394 ,
1577 3361 1606 3389 8.

1206 2697 1305 2733 illius
1319 2696 1435 2733 verba
1449 2697 1596 2733 charius
1614 2707 1784 2734 tenerent
1801 2699 1926 2735 audita
1940 2700 2113 2748 discipuli
2129 2701 2198 2745 sui,

1206 2764 1242 2792 et
1260 2769 1392 2792 eorum
1415 2769 1591 2804 sequaces
1605 2785 1613 2800 ‚
1635 2757 1727 2793 (lixit
1745 2759 1805 2794 illa
1825 2772 1904 2794 esse
1923 2759 1979 2794 sui
2000 2759 2127 2795 Patris.
2147 2763 2199 2795 Ac

1207 2816 1234 2852 si
1259 2815 1399 2851 diecret
1423 2830 1430 2850 ε
1458 2819 1506 2851 Ea
1529 2829 1613 2864 quse
1639 2818 1817 2866 pra‘eipio
1849 2817 1971 2862 vohis,
1997 2818 2197 2866 irrefraga-

1208 2874 1333 2911 biliter
1355 2874 1494 2910 debent
1515 2874 1734 2919 observari,
1759 2889 1827 2912 nee
1850 2877 1885 2912 iu
1910 2885 2049 2921 totum,
2073 2890 2138 2912 nee
2164 2878 2199 2913 iu

1209 2942 1352 2983 partem
1376 2934 1470 2969 ratio
1502 2934 1575 2969 ulla
1598 2935 1779 2982 permittit
1802 2936 1982 2979 convelli,
2011 2936 2096 2984 quia
2124 2949 2200 2971 uon

1209 3000 1293 3028 suut
1311 3005 1415 3036 mea,
1436 2993 1499 3028 sed
1518 2993 1634 3029 Patris
1652 2994 1722 3029 mei
1745 3007 1752 3028 :
1772 3007 1854 3030 nam
1871 3008 1939 3044 ego
1956 3008 1974 3030 a
1994 2998 2102 3031 Patre
2119 3008 2202 3030 sum

1210 3053 1343 3097 Filius,
1363 3052 1462 3088 uude
1481 3052 1595 3088 verba
1615 3066 1695 3089 mea
1712 3062 1748 3089 et
1769 3068 1883 3103 opera
1905 3068 1979 3090 unu
2001 3063 2085 3090 sunt
2106 3068 2199 3096 mea,

1211 3111 1275 3148 sed
1298 3112 1425 3148 Patris.
1448 3114 1564 3147 Pater
1579 3118 1617 3147 iu
1635 3126 1692 3147 mc·
1707 3113 1967 3161 nentnvtssacit
1982 3129 2096 3162 opera
2110 3129 2177 3148 um
2189 3143 2197 3153 ,

1211 3184 1278 3220 per
1296 3185 1354 3207 uie
1376 3171 1437 3207 (lat
1457 3171 1565 3208 vohis
1579 3182 1780 3222 prawepta.
1810 3177 1933 3209 llomo
1950 3174 1995 3209 (le
2015 3183 2109 3209 terra
2130 3184 2204 3209 Ιιϊ-

1214 3244 1326 3267 renus
1342 3260 1350 3276 ‚
1376 3231 1501 3268 trabea
1524 3233 1761 3268 mortalitatis
1787 3233 1941 3270 indutus
1964 3234 1997 3268 iu
2023 3233 2090 3269 liat·
2112 3234 2205 3269 xalhe

1679 3357 1691 3379 5
1708 3357 1856 3389 Athana&
1875 3358 1904 3387 iu
1921 3362 1952 3400 S)
1964 3358 2075 3389 tubulu-
