2418 3949
102 180 176 217 [105
629 177 902 214 ADMONITIO
929 177 979 211 IN
1007 175 1298 220 SEQUENTEM
1327 178 1612 213 EPISTOLAM.
2075 177 2151 214 406

102 270 166 308 W.
197 269 416 322 designato,
445 282 525 307 uno
550 266 766 318 eodemque
793 268 833 304 in
860 265 988 304 codice
1016 264 1269 314 reperissent5
1296 263 1367 301 hac
1397 264 1619 302 litterarum
1650 264 1862 302 initialium
1892 264 2150 303 similitudine

101 333 274 385 decepti,
298 333 486 372 Willelmi
512 334 631 384 ipsius
659 333 783 371 fetum
812 345 893 370 esse
919 329 1117 375 arbitrati,
1151 327 1226 366 sub
1255 329 1339 377 ejus
1370 330 1530 367 nomine
1561 331 1833 381 exscripserint
1859 343 1902 368 ac
1928 329 2148 378 laudarint‚

101 399 233 450 sicque
248 398 402 437 errandi
421 412 555 437 ansam
572 395 656 435 aliis
672 395 925 447 postmodum
947 394 1169 444 objecerint.

154 464 193 501 6.
219 463 340 501 Erant
358 472 489 501 tamen
507 463 547 500 in
572 477 616 500 ea
631 461 792 512 epistola
808 458 916 499 haud
933 472 1058 510 pauca
1075 487 1084 504 ,
1103 471 1189 508 quae
1208 458 1238 495 si
1262 459 1449 496 attentius
1469 471 1634 509 expensa
1666 459 1829 498 fuissent
1846 490 1855 507 ‚
1876 460 1948 499 soli
1976 461 2146 513 Guigoni

103 542 171 567 seu
190 528 345 580 W'igoni
369 528 552 566 Cartusiae
576 527 728 574 Priori,
749 539 828 564 non
860 533 959 563 certe
987 522 1187 560 Willelmo
1219 522 1379 561 alterius
1405 523 1574 561 instituti
1599 524 1791 563 monacho
1810 527 2017 564 convenire
2045 525 2147 563 illico

103 593 344 644 deprehensa
375 594 551 632 fuissent.
588 592 676 630 Jam
703 591 752 629 ab
779 591 904 641 operis
931 588 1115 635 exordio,
1149 589 1189 625 in
1223 588 1306 638 ipso
1333 588 1523 637 prooemio
1540 617 1550 634 ‚
1573 588 1705 625 scribit
1731 598 1865 627 auctor
1887 603 1926 628 se
1944 619 1953 636 ‚
1991 604 2038 628 ex
2066 604 2148 641 quo

104 666 308 697 recesserat
333 672 355 696 a
368 657 604 695 Cartusianis
622 658 691 707 qui
712 655 986 694 Montem-Dei
1006 653 1234 692 excolebant
1251 682 1260 700 ‚
1282 652 1331 689 de
1352 652 1469 690 fratre
1485 651 1687 702 Stephano
1707 654 1870 703 ejusque
1886 656 1997 692 sociis
2014 655 2149 704 junio-

104 722 213 760 ribus
233 721 420 760 fratribus
431 751 440 769 ,
457 730 496 760 et
512 722 668 759 novitiis
683 720 928 759 venientibus
943 718 991 757 ad
1004 732 1146 757 novam
1167 716 1275 755 illam
1290 716 1457 754 domum
1473 745 1483 763 ,
1504 715 1713 753 sollicitum
1728 730 1880 767 semper
1901 718 2030 756 fuisse.
2056 737 2072 753 u
2093 719 2150 757 Ex

109 804 125 819 ι»
146 800 248 836 quo,
281 804 296 819 »
316 787 445 836 inquit
461 815 471 832 ‚
496 803 512 819 «
536 785 669 823 recessi
696 798 718 822 a
737 785 846 823 vobis
866 798 993 836 usque
1012 797 1119 821 nunc
1133 812 1142 830 ,
1163 781 1496 833 qualemcumque
1520 779 1696 818 laborem
1712 795 1848 819 meum
1872 782 2147 832 quotidianum

108 868 124 884 »
147 851 263 889 statui
292 849 488 899 dedicare,
516 864 594 888 non
622 849 732 888 vobis
748 880 757 898 ‚
786 851 853 900 qui
882 864 961 888 non
989 848 1186 900 indigetis,
1213 846 1279 885 sed
1302 845 1414 883 fratri
1434 844 1637 895 Stephano
1666 853 1706 884 et
1731 846 1840 883 sociis
1859 846 1943 895 ejus
1962 847 2149 886 fratribus

109 933 124 949 υ
142 914 383 966 junioribus,
407 923 446 953 et
470 916 624 953 novitiis
652 914 900 953 venientibus
920 914 972 952 ad
1001 928 1068 953 vos
1085 944 1094 962 ,
1115 926 1289 964 quorum
1311 911 1446 949 doctor
1477 909 1583 948 Deus
1605 909 1709 948 solus
1725 920 1782 949 est
1808 927 1817 949 :
1843 919 1888 948 ut
1915 910 2086 950 habeant
2112 923 2151 951 et

107 997 124 1012 υ
148 978 280 1031 legant
293 1009 303 1026 ,
324 980 354 1017 si
369 979 469 1018 forte
489 978 543 1016 ibi
561 978 712 1030 aliquid
726 979 947 1017 invenerint
960 977 1057 1016 utile
1072 977 1145 1016 sibi
1163 977 1212 1015 ad
1232 976 1416 1015 solatium
1437 974 1658 1013 solitudinis
1674 989 1751 1013 suae
1765 1005 1774 1023 ‚
1798 994 1814 1009 »
1835 984 1907 1015 etc.
1924 977 1974 1015 At
1992 991 2151 1027 prorsus

103 1043 296 1081 incertum
318 1058 368 1081 an
383 1043 605 1082 willelmus
619 1056 739 1081 novos
757 1042 844 1081 illos
860 1043 1098 1081 Montis-Dei
1118 1041 1262 1081 incolas
1277 1041 1338 1080 vel
1352 1054 1533 1091 unquam
1551 1040 1709 1088 viderit,
1727 1042 1795 1091 qui
1815 1041 1934 1092 paulo
1952 1052 2041 1092 post
2062 1058 2151 1081 con-

103 1106 231 1145 ditum
255 1107 498 1160 Signiacense
516 1109 799 1146 monasterium
817 1121 863 1145 eo
877 1108 1048 1156 secessit,
1066 1121 1170 1145 anno
1191 1107 1289 1146 1134
1308 1136 1316 1153 ‚
1340 1115 1385 1145 ut
1402 1106 1442 1143 in
1465 1115 1573 1144 sexto
1593 1105 1806 1144 Annalium
1833 1105 1990 1145 Ordinis
2010 1106 2049 1145 S.
2076 1108 2151 1145 Be-

102 1172 245 1210 nedicti
271 1181 378 1211 tomo
397 1172 730 1211 demonstrabitur
757 1189 766 1209 2
791 1186 870 1222 quo
893 1172 1055 1223 quidem
1075 1185 1178 1210 anno
1198 1171 1459 1210 fundamenta
1483 1171 1666 1209 Cartusiae
1687 1171 1929 1209 Montis-Dei
1959 1181 2045 1210 tum
2073 1175 2151 1223 pri-

104 1250 217 1275 mum
241 1239 341 1286 jacta
356 1246 467 1284 sunt,
488 1246 625 1289 agente
644 1236 781 1275 Odone
802 1236 943 1275 abbate
959 1237 1275 1289 Sancti-Remigii
1296 1238 1514 1277 Remensis.
1539 1239 1729 1288 Quamvis
1744 1241 1850 1279 enim
1869 1240 2028 1279 biennio
2045 1251 2150 1289 ante,

104 1301 309 1353 instigante
327 1302 491 1353 Hugone
511 1301 874 1352 Gratianopolitano
898 1304 1078 1354 episcopo
1093 1333 1101 1349 ‚
1120 1303 1325 1342 consilium
1345 1305 1492 1342 iniisset
1516 1304 1603 1343 Odo
1623 1304 1670 1342 de
1687 1305 1981 1344 contruendam
2002 1306 2153 1344 dioecesi

105 1365 288 1404 Remensi
307 1365 628 1404 Can-tusiauorum
651 1365 769 1404 domo
787 1396 797 1414 ,
815 1366 853 1403 id
872 1376 1003 1406 tamen
1020 1369 1256 1406 exsecutioni
1278 1369 1465 1407 mandare
1497 1384 1576 1408 non
1592 1371 1721 1421 potuit
1740 1380 1829 1408 ante
1852 1385 2002 1409 annum
2025 1372 2122 1410 1134
2143 1390 2151 1418 ;

103 1446 184 1484 quo
208 1446 229 1471 e
243 1432 403 1471 concilio
429 1433 571 1471 Pisano
589 1447 786 1480 reversus,
814 1434 974 1470 accitam
999 1446 1019 1469 e
1051 1432 1189 1482 majori
1210 1432 1386 1471 Cartusia
1403 1433 1666 1472 solitariorum
1682 1435 1890 1483 coloniam,
1912 1436 1983 1473 sibi
2012 1451 2034 1474 a
2052 1437 2154 1474 Gui-

104 1512 201 1550 gone
220 1499 355 1536 Priore
376 1500 534 1536 missam
549 1528 558 1546 ,
589 1499 668 1548 ipse
688 1498 852 1536 deduxit
879 1497 927 1535 ad
942 1497 1217 1535 Montem-Dei
1235 1527 1244 1545 ‚
1262 1506 1356 1535 tunc
1371 1497 1521 1536 dictum
1538 1499 1717 1537 Montem
1735 1499 1895 1539 Bosonis
1914 1531 1923 1548 ‚
1947 1501 1985 1538 in
2008 1501 2152 1539 finibus

104 1563 345 1611 Remorum,
373 1562 530 1600 duobus
559 1562 608 1600 ab
636 1562 734 1601 urbe
763 1567 936 1601 Mosomo
960 1561 1102 1610 leucis,
1130 1561 1179 1600 ad
1199 1576 1357 1599 amnem
1386 1562 1556 1610 Barum,
1579 1564 1694 1614 eique
1724 1563 1897 1602 fundum
1928 1564 2154 1616 reditusque

104 1627 334 1665 sufficientes
349 1627 399 1665 ad
420 1627 695 1666 aedificandum
712 1627 997 1665 monasterium
1011 1628 1208 1664 concessit.
1236 1627 1323 1665 Haec
1344 1641 1430 1677 quae
1450 1641 1554 1664 nunc
1574 1629 1737 1665 strictim
1757 1629 1985 1679 attingimus
2001 1659 2011 1676 ‚
2028 1630 2156 1667 fusius

105 1691 405 1742 explicabuntur
422 1693 462 1729 in
481 1692 583 1731 dicto
607 1692 821 1730 Annalium
850 1701 971 1730 tomo.
1004 1690 1079 1729 Sed
1100 1692 1189 1729 satis
1212 1691 1303 1729 hinc
1320 1700 1426 1743 patet
1441 1721 1450 1739 ‚
1474 1691 1737 1731 Guillelmum
1765 1694 1828 1731 vix
1849 1702 1938 1731 ante
1962 1708 2154 1732 secessum

104 1770 223 1795 suum
242 1761 389 1807 primos
413 1756 498 1795 illos
520 1757 757 1796 Montis-Dei
774 1757 917 1796 incolas
934 1756 1066 1795 videre
1087 1758 1257 1807 potuisse
1275 1786 1284 1804 ,
1305 1758 1374 1808 qui
1392 1756 1557 1795 necdum
1573 1758 1670 1795 forte
1694 1772 1740 1795 eo
1757 1767 1848 1795 tunc
1864 1768 2121 1808 pervenerant
2142 1776 2152 1797 ε

105 1835 197 1860 cum
215 1823 385 1860 maxime
408 1831 512 1860 totus
536 1824 576 1860 in
595 1836 788 1861 secessum
807 1836 926 1861 suum
947 1822 1139 1868 intentus,
1155 1821 1418 1873 gravibusque
1442 1820 1560 1870 paulo
1573 1830 1661 1871 post
1678 1822 1958 1861 tentationibus
1978 1833 2152 1870 vexatus,

106 1894 151 1923 ut
172 1885 295 1924 refert
321 1887 415 1924 Vitae
436 1894 570 1924 auctor
584 1915 594 1933 ,
625 1900 761 1924 omnes
783 1888 822 1924 in
846 1900 884 1924 se
913 1899 1040 1923 unum
1055 1899 1167 1923 curas
1185 1894 1411 1923 convertere
1437 1885 1594 1931 debuit,
1614 1887 1653 1923 in
1672 1896 1821 1925 exteros
1837 1888 1898 1924 vix
1920 1890 2063 1938 potuit.
2081 1888 2157 1927 Sed

107 1964 177 1988 nec
205 1952 359 1999 uspiam
379 1950 566 2001 legimus,
589 1964 702 1997 eum,
732 1960 943 2001 postquam
972 1951 1074 1988 inter
1105 1949 1366 2001 Signiaceuses
1393 1964 1538 1988 nomen
1565 1951 1760 2002 professus
1791 1960 1847 1991 est
1866 1982 1875 1999 ,
1897 1952 2040 2003 pedem
2068 1952 2158 1992 inde

108 2013 283 2052 retulisse
296 2043 305 2061 ‚
326 2022 371 2052 ut
390 2014 635 2052 cartusianos
654 2015 903 2052 Montis-Dei
924 2015 1122 2052 inviseret.

161 2081 198 2116 7.
223 2077 262 2116 Si
288 2092 379 2117 vero
401 2079 571 2131 Guigoni
589 2080 745 2129 majoris
761 2080 943 2118 Cartusiae
964 2079 1091 2118 Priori
1117 2078 1262 2117 dictam
1291 2079 1495 2129 epistolam
1511 2109 1520 2127 ‚
1539 2089 1583 2118 ut
1596 2093 1668 2130 par
1688 2089 1764 2128 est,
1781 2095 1998 2119 asseramus
2015 2112 2024 2130 ‚
2048 2082 2158 2121 nulla

107 2156 265 2194 prorsus
291 2142 498 2182 difficultas
528 2152 604 2191 est,
633 2145 846 2195 omniaque
869 2144 1033 2195 perfecte
1059 2143 1268 2194 quadrant.
1287 2144 1382 2182 Pius
1403 2145 1588 2194 magister
1603 2153 1686 2191 est,
1711 2146 1780 2195 qui
1809 2154 2019 2196 postquam
2039 2147 2089 2184 ab
2114 2149 2158 2185 iis

108 2221 206 2258 quos
224 2222 247 2246 a
267 2221 306 2246 se
332 2207 480 2246 dimisit
495 2207 695 2259 discipulis
721 2209 894 2256 recessit,
916 2208 963 2246 de
990 2221 1128 2247 eorum
1151 2222 1305 2259 semper
1321 2208 1447 2246 salute
1476 2208 1662 2248 sollicitus
1687 2224 1804 2249 suum
1828 2210 2160 2262 qualemcumque

108 2272 283 2311 laborem
300 2272 576 2324 quotidianum
601 2275 654 2311 eis
673 2273 854 2312 dedicare
876 2274 1031 2322 statuit,
1053 2282 1098 2313 ut
1119 2273 1378 2312 sanctioribus
1397 2274 1556 2312 monitis
1577 2282 1695 2324 atque
1716 2274 2004 2314 hortationibus
2021 2277 2161 2315 solitu—

109 2336 210 2376 dinis
227 2337 338 2376 taedia
357 2337 524 2385 relevet,
544 2338 796 2389 junioresqne
821 2339 881 2378 vel
900 2340 939 2376 in
961 2341 1161 2391 proposito
1190 2341 1419 2386 confirmet,
1446 2339 1507 2377 vel
1529 2339 1580 2378 ad
1605 2340 1883 2391 professionem
1906 2343 2160 2381 monasticam

109 2402 301 2441 accendat.
332 2402 431 2440 Hinc
457 2401 505 2440 de
523 2402 763 2441 sublimitate
783 2418 920 2442 eornm
942 2405 1190 2455 professionis
1211 2405 1366 2444 disserit
1383 2435 1391 2451 ,
1413 2406 1579 2443 virtutes
1594 2405 1831 2443 Cartusianis
1845 2408 2021 2457 proprias
2037 2410 2161 2458 expli-

109 2475 189 2514 cat,
221 2475 435 2518 praecepta,
471 2479 559 2518 quae
594 2467 786 2506 tironibus
812 2470 1066 2516 conveniant,
1094 2469 1180 2516 dat;
1212 2483 1290 2520 qua
1325 2470 1474 2508 ratione
1508 2478 1664 2520 tempus
1694 2470 1892 2521 agendum
1922 2472 1969 2510 sit
2006 2473 2044 2509 in
2066 2472 2162 2512 cella

110 2530 247 2577 docet;
271 2530 486 2570 lectionum
524 2540 770 2579 sanctarum,
805 2535 1028 2572 orationum
1046 2564 1056 2581 ‚
1094 2534 1357 2585 corporalium
1384 2535 1656 2573 exercitiorum
1676 2565 1685 2581 ,
1714 2535 1809 2582 cibi,
1844 2537 1967 2573 somni
1988 2566 1998 2584 ,
2022 2536 2164 2575 laboris

114 2608 328 2642 manuum,
350 2603 422 2633 etc.
452 2595 617 2634 modum
640 2596 771 2635 tradit.
795 2596 931 2649 anue
955 2599 1103 2636 ratione
1126 2598 1278 2645 scribit,
1295 2613 1382 2649 quae
1408 2598 1685 2636 Cartusianum
1714 2599 1762 2637 ad
1788 2599 1964 2649 ejusdem
1997 2602 2164 2639 instituti

112 2658 320 2710 discipulos
334 2660 567 2699 scribentem
591 2661 792 2700 manifeste
807 2664 930 2712 sapiat
948 2677 991 2701 ac
1007 2662 1262 2701 demonstret.
1291 2663 1346 2700 Ea
1364 2672 1523 2713 propter
1540 2663 1686 2713 plurali
1707 2678 1804 2714 sche
1830 2665 1947 2703 modo
1970 2665 2161 2715 loquitur,

115 2731 159 2761 ut
179 2722 315 2762 iisdem
340 2723 488 2775 legibus
504 2726 706 2764 astrictum
724 2740 763 2764 sc
779 2726 929 2777 probet.
955 2745 969 2759 «
989 2727 1070 2766 Hoc
1086 2726 1272 2766 omnibus
1289 2726 1414 2764 modis
1432 2736 1519 2778 agat
1537 2736 1574 2764 et
1590 2726 1699 2765 labor
1715 2738 1753 2765 ct
1774 2729 1899 2766 otium
1923 2739 2123 2776 nostrum,
2145 2750 2158 2763 ι,

113 2788 187 2833 ait,
206 2787 275 2826 lib.
301 2792 344 2835 1,
363 2801 445 2837 cap.
477 2790 524 2835 8,
545 2807 561 2822 «
597 2799 641 2828 ut
660 2803 866 2840 nunquam
897 2792 1019 2829 simus
1048 2793 1159 2830 otiosi
1193 2809 1202 2830 ς
1231 2801 1270 2830 ct
1298 2791 1371 2830 hoe
1402 2805 1554 2842 semper
1588 2793 1635 2830 sit
1661 2794 1860 2844 negotium
1887 2803 2087 2837 nostrum,
2119 2805 2163 2833 nt

118 2869 134 2883 »υ
158 2851 324 2902 perfecte
346 2862 640 2891 consummetur
662 2855 700 2892 in
722 2854 851 2901 nobis,
876 2855 982 2907 quod
1005 2855 1099 2894 dicit
1120 2856 1330 2906 Apostolus
1347 2887 1356 2897 ,
1382 2864 1456 2894 etc.
1495 2873 1510 2888 n
1535 2856 1583 2894 Et
1613 2870 1695 2907 cap.
1732 2860 1798 2905 10,
1824 2858 1872 2896 de
1902 2858 2164 2898 solitariorum

117 2916 154 2952 in
176 2914 271 2953 cclla
294 2915 428 2954 officiis
452 2925 490 2954 et
513 2917 702 2955 exercitiis
721 2930 862 2968 agens:
890 2936 904 2951 «ι
931 2917 1082 2970 Vigiliis
1101 2920 1260 2966 nostris,
1289 2939 1302 2954 υ
1336 2921 1463 2971 inquit
1480 2950 1488 2966 ‚
1523 2939 1536 2953 «ι
1558 2922 1598 2958 in
1631 2921 1778 2972 quibus
1801 2923 1927 2960 media
1948 2934 2057 2962 nocte
2079 2939 2166 2962 sur-

119 2998 134 3011 u
155 2981 283 3030 gimus
299 2979 347 3017 ad
362 2980 624 3019 confitendum
642 2982 789 3019 nomini
810 2981 996 3029 Domini,
1024 2983 1272 3022 confessionis
1296 2984 1471 3033 ejusdcm
1499 2984 1679 3023 ordinem
1707 2997 1914 3027 contexi-ns
1938 2989 2130 3039 proplicta
2153 3007 2160 3026 ι

121 3063 135 3076 υ
167 3048 206 3080 lt!
231 3047 305 3087 die,
326 3045 472 3095 inquit,
502 3046 746 3082 tribulathmis·
775 3061 867 3083 mew
885 3051 1000 3084 Deum
1027 3054 1222 3097 acquisit-i,
1247 3051 1412 3085 mamlms
1434 3056 1523 3086 mcis
1543 3061 1646 3086 noste·
1665 3062 1792 3088 cotnra
1821 3069 1916 3097 cum,
1936 3065 1970 3090 c!
1991 3070 2063 3090 meu
2085 3069 2163 3089 mm

124 3131 133 3138 υ
158 3112 328 3158 dre-aptus
351 3117 371 3145 ¹.
397 3110 483 3147 Istis
499 3111 603 3148 enim
623 3110 729 3149 lioris
759 3111 1004 3160 potissimum
1024 3126 1155 3150 coram
1178 3112 1259 3150 Dco
1278 3113 1469 3152 debemus
1502 3117 1756 3166 nosmetipsos
1785 3119 2020 3156 constitueri-
2053 3119 2163 3168 ‹lud—<i

167 3255 171 3266 ’
200 3247 273 3277 l'snl.
296 3259 413 3278 lxxxi,
437 3253 465 3275 A.
