2418 3949
125 220 222 256 1189

778 221 840 255 DE
869 220 1040 255 VERBIS
1069 219 1246 254 DOMINI
1274 221 1324 255 IN
1353 221 1522 256 COENA.

119 296 216 341 buit,
237 296 300 345 qui
319 303 445 345 posset
465 295 581 331 videri
596 304 632 331 et
650 295 748 345 tangi
769 310 776 330 ι
795 296 884 340 imo,
906 295 1008 344 quod
1028 307 1103 331 non
1114 292 1145 310 “⁰

2073 221 2168 257 1190

1149 293 1162 310 ⁰
1175 308 1278 331 crum
1297 296 1590 345 regenerationis
1606 296 1764 345 Spiritus
1777 306 1925 334 sanctus
1941 299 2070 336 sordes
2088 314 2168 337 ere-

120 356 200 391 sine
221 368 356 403 magno
377 357 516 405 gemitu
539 355 664 391 cordis
678 383 687 399 ‚
719 364 756 391 et
776 356 893 392 fluvio
925 356 1111 403 lacryma·
1127 358 1158 390 A
1178 352 1470 390 dentiumlavat.
1485 354 1594 401 Quod
1607 354 1758 400 dicitur,
1776 357 1896 391 Pedes
1908 360 2166 405 Apostolorum

118 428 201 451 rum
223 415 307 452 stilo
325 414 591 451 commendare
611 414 792 451 deberem
807 443 815 459 ‚
833 415 974 451 scilicet
989 414 1110 464 ligari,

120 473 365 523 colaphizari,
386 473 564 522 flagellari
581 501 591 518 ‚
614 473 794 522 conspui,
815 481 852 509 et
867 472 914 509 ad
934 473 1111 509 ultimum

120 533 260 578 occidi,
280 543 317 569 et
338 533 409 569 hoc
440 541 496 569 est
515 533 619 582 quod
649 533 804 578 dicitur,
831 546 854 568 a
885 536 963 568 Deo
983 537 1108 569 eoeivit.

122 592 194 630 Sed
211 593 288 629 noli
313 593 404 628 flere
418 621 428 638 ,
448 591 549 629 bone
578 592 782 638 monache,
808 592 896 640 quia
916 593 1086 641 sequitur
1103 622 1112 639 ‚

121 654 174 686 ml
190 655 306 688 Deum
335 654 455 688 vadit.
487 651 545 689 Ad
576 655 698 688 Deum
728 650 852 697 vadit,
873 651 962 700 quia
983 664 1113 688 resur-

120 724 212 760 gens
246 724 292 748 ex
320 712 479 747 mortuis
497 710 575 760 jam
597 723 674 746 non
703 710 889 755 moritur;
928 723 1030 747 mors
1060 710 1113 747 illi

121 771 220 807 ultra
246 784 324 807 non
357 770 615 807 dominabitur
633 777 658 806 ¹.
690 770 748 807 Ad
777 770 892 806 coelos
921 771 1111 816 ascendit,

123 830 230 866 sedet
252 829 299 866 ad
329 829 521 866 dexteram
553 829 695 874 Patris,
729 829 955 866 constitutus
983 843 1003 866 a
1034 833 1114 866 Deo

120 889 239 938 judex
257 889 430 925 vivorum
452 897 489 925 et
513 897 766 925 mortuorum.
785 892 831 925 Et
847 889 920 926 hoc
939 898 994 925 est
1013 888 1115 938 quod

123 948 274 993 dicitur,
295 953 416 997 surgit
442 962 466 984 a
497 962 606 984 coena
624 963 635 983 .·
660 961 746 985 nam
772 961 793 985 a
813 961 918 985 coena
942 948 1115 994 surrexit,

122 1007 212 1057 quia
228 1007 274 1044 de
294 1007 378 1044 sinu
398 1008 517 1044 Patris
533 1037 542 1054 ,
563 1007 628 1044 ubi
645 1007 819 1044 coenabat
838 1021 922 1044 cum
938 1007 1092 1057 Angelis
1104 1035 1113 1052 ,

1177 415 1276 457 lavit,
1303 413 1390 449 audi
1406 414 1662 450 immunditias
1679 427 1810 451 eorum
1829 417 1984 466 vestigia
2001 431 2166 468 sequen—

1181 472 1285 508 tium.
1303 473 1369 509 Vel
1387 486 1587 521 possumus
1604 473 1729 510 dicere
1749 475 1852 523 quod
1868 477 2006 525 pelvis,
2024 480 2102 517 sive
2115 495 2170 517 re·

1178 532 1413 581 ceptaculum
1431 532 1590 581 Spiritus
1608 534 1740 577 sancti,
1759 534 1874 571 corda
1894 539 2167 585 Apostolorum

1181 591 1345 637 fuerunt,
1366 591 1504 640 quibus
1520 593 1705 629 Dominus
1721 594 1901 644 Spiritum
1919 606 2089 635 sanctum
2108 601 2169 636 in-

1181 650 1277 687 fudit
1296 665 1303 686 :
1323 659 1361 687 et
1380 663 1511 687 eorum
1530 651 1646 700 pedes
1671 653 1774 693 lavit,
1794 654 1881 702 quia
1901 655 1939 691 in
1951 656 2023 693 fide
2040 659 2173 695 catho-

1179 710 1262 755 lica,
1285 723 1369 759 quae
1384 711 1513 747 fideles
1529 712 1634 748 vehit
1658 712 1703 748 ad
1729 714 1843 750 coelos
1856 744 1865 760 ‚
1885 728 1995 764 quam
2013 719 2171 767 pulvere

1179 769 1408 807 infidelitatis
1427 770 1604 807 fuscatam
1628 771 1828 818 tenebant,
1847 776 2000 822 penitus
2014 780 2171 827 expulsa

1181 829 1352 879 rubigine
1377 843 1446 879 per
1468 831 1645 879 Spiritum
1668 840 1837 868 sanctum
1865 834 2115 875 confirmavit.

1234 888 1269 924 3.
1284 892 1487 925 Possumus
1503 897 1540 925 et
1555 890 1663 925 aliter
1679 890 1803 927 dicere
1816 919 1827 937 ‚
1847 892 1875 928 si
1892 900 1926 928 te
1946 907 2030 931 cum
2046 909 2174 935 amore

1182 948 1316 986 Christi
1335 948 1466 985 audire
1491 949 1662 985 delectat.
1692 950 1763 986 Sed
1788 964 1863 987 non
1891 953 1971 989 sine
1997 955 2172 994 lacrvmis

1183 1007 1341 1057 accipias
1353 1036 1361 1051 ‚
1379 1020 1507 1057 quaeso
1523 1036 1532 1052 ,
1555 1008 1659 1057 quod
1682 1009 1761 1045 sine
1778 1010 1954 1059 lacrymis
1973 1000 2084 1052 scribi
2097 1030 2173 1054 non

122 1068 169 1104 ad
188 1068 360 1104 homines
381 1068 486 1104 venit
502 1098 512 1113 ,
533 1066 700 1104 trabeam
720 1075 856 1105 nostrae
875 1067 1114 1103 mortalitatis
1132 1066 1159 1100 B
1180 1065 1302 1103 debet.
1334 1072 1479 1116 Aquam
1513 1068 1550 1103 in
1587 1068 1725 1117 pelvim
1747 1069 1847 1105 misit
1865 1098 1874 1115 ‚
1895 1072 1982 1119 quia
2011 1086 2083 1122 pro
2111 1085 2174 1113 tuo

123 1139 330 1164 assumens.

180 1188 214 1225 2.
245 1188 477 1226 Vestimenta
503 1187 786 1236 quodammodo
807 1186 984 1236 deposuit
999 1215 1008 1230 ‚
1030 1200 1114 1223 cum

123 1249 365 1297 semetipsum
387 1247 606 1284 exinanivit.
626 1246 704 1285 Sibi
725 1246 892 1283 uniendo
911 1247 1113 1283 humanam

123 1315 309 1352 naturam,
329 1307 485 1343 linteum
504 1307 662 1356 accepit,
680 1315 717 1343 et
733 1306 985 1356 praecinxitse
1004 1321 1011 1342 :
1027 1307 1115 1355 quia

123 1375 294 1403 naturam
309 1366 510 1403 humanam
528 1379 566 1403 se
581 1366 741 1403 induens
754 1394 763 1412 ,
788 1366 827 1402 in
847 1378 890 1402 ea
906 1379 945 1402 sc
974 1367 1114 1402 virtute

124 1426 344 1476 praecinxit,
367 1434 404 1462 et
423 1425 469 1462 de
488 1426 596 1462 hoste
615 1425 780 1475 superbo
798 1425 960 1474 gloriose
984 1426 1119 1462 trium—

124 1486 245 1535 phans
261 1489 340 1522 Rex
362 1485 491 1534 gloriae
510 1493 566 1520 est
582 1485 718 1529 factus,
739 1492 775 1520 et
795 1484 981 1520 Dominus
1000 1485 1120 1521 virtu-

124 1554 215 1582 tum.
231 1547 379 1592 Aquam
395 1548 497 1579 misit
512 1547 550 1578 1ἠ
563 1546 715 1591 ρι’ἱυίιη,
739 1551 774 1577 et
783 1545 898 1590 pedes
912 1545 1118 1590 (ilscipulo—

128 1619 206 1641 rum
221 1607 319 1640 lavit.
331 1603 431 1651 Quid
448 1612 504 1640 est
515 1604 634 1652 aqua?
650 1602 740 1652 quid
752 1611 807 1639 est
820 1603 962 1652 pelvis?
978 1607 1051 1639 Iste
1066 1612 1122 1640 est

124 1677 222 1713 aqua
237 1664 298 1700 illa
313 1661 513 1700 benedicta
528 1689 538 1702 ,
560 1676 644 1712 quae
659 1663 790 1699 sordes
806 1663 988 1699 mentium
1010 1663 1120 1709 lavat,

124 1724 298 1773 leprosos
326 1723 498 1768 mundat,
523 1722 852 1768 caecosilluminat,
871 1730 978 1758 sanat
997 1735 1118 1771 aegro—

126 1791 207 1828 tos,
239 1782 422 1831 justificat
448 1781 584 1831 impios
602 1809 612 1826 ‚
647 1782 841 1818 resuscitat
862 1789 1042 1818 mortuos.
1059 1782 1116 1818 Ad

1181 1139 1310 1163 amore
1332 1135 1492 1163 mortem
1510 1127 1662 1163 delicias
1678 1136 1878 1176 reputans,
1909 1131 1946 1165 in
1968 1134 2088 1170 crucis
2109 1139 2176 1172 sti-

1180 1186 1257 1235 pite
1274 1186 1378 1236 pium
1397 1198 1571 1222 cruorem
1590 1186 1698 1221 fudit.
1715 1189 1760 1222 Et
1775 1186 1865 1222 lavit
1884 1188 1998 1237 pedes
2016 1196 2167 1242 Ap0510.

1181 1245 1303 1281 lorum
1318 1274 1327 1291 ‚
1348 1245 1385 1281 id
1404 1253 1481 1288 est,
1514 1245 1671 1293 vestigia
1698 1245 1930 1283 credentium
1955 1251 2151 1290 mundavit

1179 1317 1264 1354 quae
1293 1304 1445 1341 sordida
1480 1312 1588 1339 erant
1613 1304 1786 1353 peccatis.
1807 1307 1855 1340 Ee
1881 1314 2036 1345 extersit
2065 1313 2176 1347 liutem

1180 1378 1251 1413 quo
1281 1374 1359 1400 erat
1383 1373 1607 1411 proecmctus
1627 1391 1636 1407 ‚
1674 1363 1838 1400 humana
1866 1366 2005 1404 scilicet
2039 1382 2150 1407 carne
2167 1402 2175 1416 ‚

1187 1436 1259 1472 qua
1279 1431 1359 1459 erat
1378 1422 1554 1468 indutus;
1589 1422 1678 1471 quia
1693 1421 1775 1470 ejus
1794 1424 1918 1472 passio
1936 1436 2176 1474 peccatorum

1187 1491 1405 1520 nostrorum
1425 1491 1481 1519 est
1510 1495 1598 1518 vera
1628 1482 1814 1531 purgatio.
1835 1484 1900 1519 Vel
1925 1498 2069 1523 coenam
2097 1492 2178 1525 Do-

1186 1543 1276 1579 mini
1298 1543 1361 1592 qui
1381 1542 1594 1592 passionem
1624 1541 1705 1590 ejus
1736 1542 1924 1592 assignare
1945 1547 2107 1585 voluerit
2127 1579 2134 1593 ‚
2158 1565 2178 1586 a

1187 1603 1335 1639 tramite
1354 1602 1522 1638 veritatis
1551 1614 1590 1638 se
1618 1600 1833 1638 exorbitare
1854 1616 1930 1640 non
1947 1606 2086 1643 credat.
2109 1611 2178 1646 llic

1185 1675 1292 1699 coena
1311 1663 1380 1698 ista
1403 1662 1614 1711 passionem
1636 1661 1830 1710 significat.
1861 1663 1962 1700 Sicut
1990 1675 2076 1714 post
2103 1682 2179 1704 coe-

1186 1735 1270 1758 nam
1289 1734 1364 1757 non
1386 1722 1426 1757 [it
1447 1720 1648 1770 prandium
1673 1735 1680 1756 :
1702 1721 1755 1756 sic
1782 1722 1950 1759 Christus
1979 1734 2177 1776 postquam

1184 1781 1296 1817 semel
1316 1793 1447 1830 passus
1468 1788 1546 1824 est,
1569 1793 1644 1816 non
1668 1780 1802 1816 iterum
1825 1783 1977 1830 patitur.
2003 1787 2128 1834 Surgit
2156 1803 2179 1823 a

124 1841 222 1878 hanc
239 1854 374 1890 aquam
387 1842 572 1878 Dominus
593 1853 699 1877 meus
715 1844 821 1877 Jesus
839 1841 972 1877 invitat
989 1841 1115 1878 sitien·
1137 1844 1164 1880 C
1182 1854 1290 1877 coena
1302 1868 1312 1884 ,
1343 1848 1429 1889 post
1445 1840 1657 1889 passionem
1678 1854 1684 1874 :
1702 1841 1807 1887 ponit
1832 1846 2056 1879 vestimenta
2072 1875 2082 1890 ,
2108 1848 2179 1883 sci-

123 1909 195 1944 tes,
212 1900 338 1937 dicens
357 1915 365 1937 :
385 1902 424 1936 Si
447 1904 530 1948 quis
548 1905 628 1936 sitit
642 1930 651 1947 ‚
672 1904 800 1936 veniat
825 1902 878 1936 acl
903 1914 980 1944 me,
1006 1910 1041 1936 et
1062 1901 1118 1936 ln·-

121 1960 221 1996 lmt2.
234 1965 340 2009 Aqua
350 1960 421 1997 ista
437 1960 596 2009 Spiritus
612 1968 761 1996 sanctus
772 1967 839 1996 est.
856 1963 964 2009 Aqua
981 1960 1047 1996 ista
1064 1968 1119 1997 est

123 2021 199 2066 illa,
221 2020 268 2057 de
281 2033 355 2070 qua
373 2020 551 2056 Jeremias
565 2019 616 2056 ait
643 2035 650 2056 :
673 2022 957 2068 Dereliqaerunc
973 2018 1117 2066 fiunem

124 2094 239 2128 aqua?
255 2085 364 2124 vivoe,
383 2078 605 2127 etfoderunt
618 2079 689 2115 sibi
705 2082 880 2115 cisternas
895 2081 1098 2128 (lissspatas
1109 2108 1118 2123 ‚

125 2154 212 2189 qaoe
238 2144 426 2176 continere
455 2153 529 2175 non
567 2142 700 2176 valent
731 2153 848 2188 aquas
861 2139 886 2176 3.
920 2143 1010 2176 Pota
1033 2153 1091 2176 me
1109 2169 1119 2186 ‚

129 2200 310 2245 Domine,
342 2199 414 2236 isto
451 2200 554 2236 fonte
569 2228 579 2244 ‚
615 2208 657 2236 ut
678 2212 754 2236 non
789 2200 909 2236 sitiam
943 2199 1116 2249 amplius.

125 2264 218 2296 Nam
243 2259 320 2295 sitit
338 2259 461 2296 anima
483 2272 567 2296 mea
593 2259 640 2296 ad
671 2260 784 2296 istum
806 2259 947 2295 sontem
970 2260 1113 2296 vivum.

123 2322 155 2356 O
175 2319 204 2355 si
221 2319 381 2369 attigero
405 2319 546 2356 fontem
574 2319 685 2355 istum
706 2322 713 2355 !
742 2332 764 2355 o
793 2320 823 2355 si
852 2318 1018 2356 satiabor
1033 2333 1116 2356 cum

125 2377 346 2414 dulcissimo
366 2378 493 2414 sonte!
513 2382 625 2416 Putas
640 2407 659 2430 ,b
683 2379 810 2415 veniet
838 2387 987 2428 tempus
1002 2408 1011 2424 ,
1041 2391 1118 2428 quo

127 2437 295 2487 plenarie
317 2437 364 2474 de
383 2450 428 2474 eo
449 2438 589 2488 possim
621 2438 800 2474 haurire?
819 2445 856 2474 et
880 2437 1062 2487 quando?
1083 2446 1119 2473 et

127 2497 157 2534 si
179 2497 383 2547 aliquando
397 2526 406 2543 ‚
441 2511 558 2547 quare
587 2510 664 2534 non
684 2496 826 2534 modo?
843 2497 943 2544 Quid
973 2497 1092 2533 dicam
1109 2526 1119 2542 ‚

129 2556 220 2605 quid
238 2557 367 2593 faciam
384 2584 394 2602 ,
416 2557 503 2606 quia
519 2557 705 2594 Dominus
725 2569 829 2593 meus
849 2556 975 2593 differt
995 2556 1041 2593 ad
1059 2569 1123 2593 me

1184 1901 1269 1937 licet
1286 1900 1451 1949 priorem
1470 1898 1723 1935 infirmitatem
1746 1914 1753 1935 :
1776 1902 1887 1935 linteo
1904 1915 1942 1936 se
1957 1910 2176 1951 prcecinoed,

1184 1960 1313 1998 eadem
1340 1972 1452 1996 carne
1469 1958 1546 2007 jam
1565 1959 1780 1995 immortali.
1802 1965 1952 2007 Aquam
1984 1968 2021 1999 ίη
2041 1969 2177 2013 μοίρῃ),

1186 2022 1310 2063 mittit,
1333 2020 1420 2068 quia
1436 2032 1503 2068 per
1518 2019 1755 2068 Baptismatis
1773 2020 1963 2058 lavacrum
1982 2025 2180 2063 credentes

1186 2078 1277 2114 lavit
1291 2091 1311 2114 a
1331 2078 1502 2127 peccatis.
1525 2078 1576 2111 Ec
1590 2082 1751 2125 extergit
1763 2080 1891 2122 lma-0,
1911 2093 1986 2128 quo
2004 2092 2058 2119 est
2080 2098 2176 2134 prae,

1187 2138 1331 2173 cinctus
1345 2165 1354 2182 ‚
1383 2136 1470 2185 quia
1491 2148 1561 2184 pro
1581 2134 1692 2171 nobis
1714 2136 1928 2186 interpellat
1946 2143 2091 2178 Patrem
2113 2157 2177 2184 ee-

1188 2195 1339 2232 mitihus
1357 2193 1673 2231 inenarrabilibus
1688 2222 1697 2236 ‚
1723 2194 1793 2231 sibi
1811 2197 2047 2235 ostendendo
2073 2183 2176 2239 snam

1186 2255 1470 2292 humanitatem.
1505 2257 1536 2291 Ο
1559 2254 1650 2290 mira
1671 2263 1707 2291 et
1740 2255 1967 2305 inexquisita
1995 2260 2133 2308 pietas!
2155 2278 2177 2297 u

1185 2314 1454 2353 inaestimahilis
1469 2314 1636 2350 bonitas!
1652 2327 1674 2349 o
1693 2328 1791 2351 nova
1811 2317 2027 2356 etinaudita
2050 2321 2177 2359 humi-

1185 2376 1291 2412 litas!
1323 2375 1492 2412 Christus
1521 2374 1589 2410 Dei
1617 2374 1755 2418 Filius,
1780 2374 1826 2411 de
1847 2388 1941 2424 pura
1962 2387 1998 2414 et
2021 2379 2178 2418 inteme-

1186 2443 1264 2471 rata
1294 2434 1448 2483 Virgine
1478 2441 1610 2478 natus,
1650 2436 1731 2469 Rex
1762 2447 1892 2482 regum
1928 2445 1964 2472 et
1994 2440 2180 2476 Dumium

1188 2493 1464 2531 dominantium
1482 2520 1491 2537 ,
1521 2493 1639 2541 surgit
1668 2506 1687 2528 a
1720 2506 1848 2538 coena,
1871 2496 2092 2534 vestimenta
2114 2500 2174 2535 de-

1190 2554 1323 2604 ponit,
1354 2567 1393 2590 se
1409 2553 1525 2589 linteo
1546 2553 1688 2601 cingit,
1714 2566 1847 2602 aquam
1868 2555 1906 2590 in
1937 2557 2075 2605 pelvim
2100 2561 2181 2596 mit*

129 2615 288 2652 venire?
308 2619 340 2653 Ο
368 2616 582 2653 dulcissime
601 2620 690 2653 Jesu
707 2644 716 2662 ,
739 2617 813 2652 sint
833 2615 925 2652 mihi
943 2616 1116 2664 lacrymae
1134 2621 1166 2655 D
1185 2616 1240 2652 tit.
1277 2619 1374 2652 Ante
1409 2613 1615 2663 discipulos
1647 2614 1853 2650 reverenda
1891 2628 2012 2663 genua
2044 2619 2179 2662 flectit,

129 2673 343 2710 resectionis
361 2674 539 2719 assiduae,
557 2673 678 2710 donec
698 2674 845 2710 dicatur
860 2674 994 2709 animae
1007 2687 1120 2711 meae:

127 2733 258 2770 Gaude
275 2741 311 2769 et
328 2733 465 2769 laetare.
486 2736 580 2769 Ecce
594 2745 705 2782 quem
721 2732 858 2781 quaeris
875 2759 885 2777 ,
907 2745 994 2768 ecce
1008 2746 1120 2781 quem

127 2792 332 2838 desideras,
354 2805 440 2829 cccc
463 2806 533 2842 pro
550 2805 626 2841 quo
643 2792 770 2842 ploras
793 2805 800 2826 :
825 2803 910 2827 ecce
933 2792 1121 2829 Dominus

131 2861 236 2897 tuus,
259 2865 345 2888 ecce
364 2856 467 2889 Deus
500 2860 584 2888 tuus
602 2881 612 2897 ‚
639 2855 748 2888 Pater
779 2859 816 2886 et
844 2850 959 2887 Filius
981 2859 1017 2886 ct
1038 2851 1120 2887 sons

130 2912 362 2949 desideratus
379 2912 540 2962 Spiritus
562 2920 725 2948 sanctus.
747 2910 862 2947 Modo
892 2910 1080 2948 inebriare
1101 2925 1120 2948 a

132 2972 275 3009 deliciis
296 2972 471 3022 paradisi.
495 2977 604 3021 Aqua
625 2972 695 3008 ista
710 3000 719 3016 ,
740 2971 871 3007 fratres
888 2971 959 3007 mei
975 3000 985 3016 ,
1006 2971 1126 3021 Spiri-

130 3040 190 3068 tus
210 3039 359 3068 sanctus
390 3038 456 3067 est.
485 3034 570 3080 Ipse
593 3031 639 3067 de
659 3043 698 3067 se
725 3031 777 3066 sie
798 3029 958 3066 inebriet
982 3039 1125 3066 mentes

130 3101 276 3129 nostras
292 3121 302 3136 ‚
325 3099 367 3127 ut
386 3099 524 3140 praetcr
543 3104 628 3127 euni
659 3090 752 3126 nihil
778 3089 880 3126 aliud
913 3089 1122 3137 diligamus.

129 3153 250 3189 Pelvis
277 3151 338 3188 illa
360 3180 369 3196 ‚
391 3151 427 3187 in
453 3164 526 3200 qua
544 3150 728 3187 Dominus
753 3150 931 3199 Spiritum
954 3158 1122 3185 sanctuni

129 3212 281 3261 posuit,
303 3219 358 3248 est
377 3211 539 3248 Ecclesia
561 3210 726 3247 lidelium
742 3239 752 3256 ‚
773 3210 809 3246 in
836 3223 908 3258 qua
936 3221 1003 3258 per
1022 3209 1123 3244 lamb

184 3345 188 3358 ¹
214 3342 302 3370 Rom.
320 3350 372 3373 vt,
397 3343 427 3368 Ε).
446 3358 486 3362 -
510 3342 715 3372 'Joau.v11,
735 3341 841 3368 :ey-w

870 3337 882 3359 3
901 3341 1017 3369 ,lvrenh
1037 3350 1058 3366 ιι
1076 3362 1082 3375 ‚
1104 3341 1155 3368 tit.

1190 2674 1341 2709 humilis
1363 2681 1399 2708 et
1434 2672 1624 2722 proclivus
1646 2672 1761 2720 pedes
1784 2672 2054 2723 discipulorum
2080 2678 2127 2713 lai
2142 2680 2177 2714 it.

1188 2736 1219 2769 Ο
1241 2732 1325 2781 quis
1346 2744 1511 2780 unquam
1532 2731 1674 2767 audivit
1692 2732 1774 2767 talia
1791 2733 1805 2766 P
1824 2746 1846 2767 o
1864 2746 1975 2781 quam
1995 2739 2179 2785 stupenda

1188 2792 1328 2841 pietas!
1359 2791 1451 2827 mira
1476 2790 1540 2826 Dei
1568 2790 1784 2826 clementia!
1818 2792 1906 2828 lavit
1936 2794 2049 2842 pedes
2070 2796 2179 2834 ‹lisci-

1187 2852 1363 2901 puloruin
1383 2880 1391 2895 ‚
1427 2850 1491 2899 qui
1514 2850 1560 2885 ‹lv
1595 2850 1712 2886 nihilo
1744 2860 1876 2887 cuncta
1900 2855 2050 2891 creavit.
2082 2858 2178 2904 Quid

1190 2910 1254 2947 tibi
1273 2910 1438 2954 videtur,
1455 2910 1685 2958 quicumque
1699 2923 1738 2946 es
1751 2939 1760 2954 ‚
1782 2911 1895 2947 honio
1912 2926 2024 2961 quem
2047 2915 2099 2952 ira
2121 2931 2179 2953 av-

1192 2970 1345 3013 cendit,
1369 2968 1544 3018 superbia
1565 2970 1749 3005 consumit
1771 2998 1780 3014 ‚
1806 2971 1858 3006 ira
1881 2973 2073 3020 perturbat
2093 3005 2101 3016 ,
2124 2990 2181 3011 su-

1192 3029 1322 3079 perbia
1344 3030 1535 3071 ‹li-vastam
1571 3038 1770 3078 promptus
1803 3031 1848 3066 ad
1881 3032 1998 3075 iram,
2029 3034 2183 3071 hstium

1191 3090 1235 3125 ad
1263 3088 1502 3138 snperbiam?
1532 3093 1562 3124 ()
1586 3088 1772 3137 superbe,
1800 3104 1822 3123 υ
1844 3103 1997 3139 germen
2021 3093 2159 3130 diaboli
2176 3125 2184 3135 ,

1191 3164 1213 3184 υ
1235 3158 1402 3199 apostata
1422 3148 1624 3184 christiane
1641 3177 1649 3191 ‚
1680 3163 1702 3182 o
1734 3162 1839 3184 serve
1864 3163 2023 3200 nequam
2042 3156 2049 3187 ἶ
2086 3156 2182 3201 Quid

1193 3208 1256 3245 tibi
1282 3209 1430 3245 videtur
1451 3208 1496 3244 dc
1517 3211 1692 3246 Creatore
1715 3217 1778 3244 tuo
1797 3237 1805 3250 ,
1830 3209 1875 3245 dv
1894 3214 1970 3247 Deo
1994 3216 2079 3248 tun?
2099 3217 2168 3250 Pro
