2418 3949
184 223 255 259 797
861 224 1146 259 'FRACTATUS
1175 223 1239 257 DE
1270 222 1558 258 CHARITATE.
2161 225 2234 261 798

181 301 272 337 certi
299 300 345 337 de
371 301 525 337 victoria
540 329 549 346 ‚
576 301 613 336 in
643 300 775 337 mediis
800 301 974 350 periculis
996 296 1234 335 incedunt⁵⁰²
1247 303 1311 345 qui
1336 303 1474 334 invocet
1500 313 1633 335 nomen
1655 310 1778 345 tuum,
1802 305 1866 348 (sui
1885 311 2097 349 consurgat,
2127 311 2162 337 et
2182 311 2235 338 te-

183 361 378 407 tutissimi,
408 374 475 397 nec
505 360 713 397 daemonem
727 389 737 406 ,
770 374 837 396 nee
867 360 1056 395 bominem
1092 371 1172 393 me-
1191 358 1217 390 Λ
1239 366 1327 392 neat
1345 366 1379 391 {e
1397 364 1423 392 7.
1445 359 1531 394 Sola
1551 372 1634 407 quae
1655 361 1858 396 Dominum
1878 369 2004 397 tcnere
2022 361 2159 410 possit,
2180 362 2236 396 vis

182 429 340 456 tuentes.

235 480 270 515 3.
290 480 385 515 Hinc
399 480 536 516 Paulus
552 478 732 528 periculis
746 477 918 527 plurimis
932 475 1172 520 enumeratis,

180 537 320 587 quibus
340 538 478 586 inclyte
499 537 813 586 triumphaverat,
832 535 1012 584 triumphi
1026 546 1174 570 causam

181 595 352 645 adjtlngit
371 609 378 630 τ
408 598 459 631 Et
477 600 515 630 in
535 597 589 630 leis
608 594 773 630 omnibus
791 606 1007 641 superamus
1020 600 1178 639 propter

181 657 282 689 illum
305 659 369 702 qai
392 656 533 690 dilexit
551 667 616 689 nos
636 660 658 689 ¹.
681 655 842 690 Securus
868 653 966 688 inter
1002 650 1178 686 frenden—

182 713 274 749 tium
296 713 464 761 undique
480 713 644 748 hostium
667 713 898 760 fulgurantes
914 711 1037 746 hastas
1053 718 1089 745 ct
1106 709 1178 744 cir-

182 772 432 808 cumvolantia
449 772 610 819 spicula,
627 784 712 806 cum
728 771 905 806 charitate
920 769 1077 814 dormit,
1095 781 1178 817 quae

181 830 260 866 sola
280 837 413 878 potens
443 837 498 865 est
531 829 648 877 ignita
680 828 898 877 nequissimi
930 829 1002 864 tela
1033 827 1177 863 exstin-

180 900 295 936 guere
311 893 336 923 ².
359 887 510 936 Quippe
526 895 764 935 peccatorum
784 886 1063 922 multitudinem
1080 898 1174 934 ope-

181 945 228 980 rit
242 944 269 990 3,
286 953 322 981 et
337 945 587 982 tentationum
603 944 739 980 muscis
755 943 983 993 praevalebit.
997 943 1177 980 Praevalct

184 1012 221 1040 et
241 1003 391 1053 subjicit
411 1004 516 1040 illum
537 1003 750 1040 Jebusaeum
769 1004 952 1052 populum
969 1031 978 1047 ,
1004 1011 1173 1047 ‹xz-eteros,

1240 416 1397 463 amoris,
1422 429 1495 464 qua
1516 418 1636 453 solum
1663 431 1700 453 se
1726 419 1843 454 teneri
1863 420 2014 468 patitur.
2039 420 2109 457 Sed
2129 420 2233 468 quod

1241 487 1315 510 non
1336 484 1507 512 tencatur
1521 504 1530 521 ‚
1553 476 1614 525 pie
1635 478 1883 525 conqueritur
1899 491 1967 527 per
1983 478 2204 528 proplietam
2225 494 2232 514 ε

1246 534 1411 577 Quoeslvi
1428 538 1474 570 (le
1493 540 1546 570 eis
1562 541 1684 570 visum
1697 563 1708 579 ,
1733 542 1796 583 qui
1821 542 2066 584 interponeret
2084 551 2208 586 sepem
2222 566 2231 580 ‚

1244 601 1276 627 et
1301 602 1415 629 staret
1437 599 1475 629 in
1496 599 1700 641 oppositum
1721 605 1849 630 contra
1871 610 1946 639 me,
1971 606 2171 645 propterea
2188 611 2234 632 ne

1243 653 1466 699 (lissismreln
1490 667 1594 695 ι’(ιιης
1622 662 1656 687 et
1674 668 1748 688 lton
1773 658 1891 689 iuveni
1919 654 1947 689 ὃ.
1972 657 2111 702 Quaerit
2134 660 2235 693 Deus

1243 710 1326 758 quis
1349 723 1386 746 se
1407 710 1477 745 sibi
1501 718 1670 758 opponat
1689 711 1806 756 irat0,
1827 712 1935 760 cujus
1956 714 2125 761 profecto
2143 728 2232 764 pro-

1244 769 1368 817 prium
1399 776 1453 803 est
1481 768 1668 812 misereri,
1697 769 1936 817 peregrinum
1959 771 2096 808 ulcisci.
2119 775 2233 809 Pere-

1240 831 1391 874 grinum
1403 853 1412 868 ‚
1433 825 1555 873 inquit
1568 853 1577 870 ,
1601 840 1690 873 opus
1707 828 1782 871 ejus
1799 826 1845 861 ab
1864 830 1925 862 illo
1940 836 1966 864 9.
1983 830 2093 875 Quod
2111 835 2232 880 opusssJ

1242 884 1424 921 Nimirum
1448 896 1544 932 opus
1560 883 1713 919 ultionis
1733 892 1771 920 et
1791 885 1868 920 irae.

1296 945 1330 980 5.
1362 943 1528 980 Charitas
1558 943 1670 991 igitur
1698 956 1765 979 sua
1793 944 2013 981 fortitudine
2042 955 2231 984 extentam

1242 1003 1311 1039 Dei
1340 1015 1493 1037 manum
1508 1029 1517 1046 ,
1539 1015 1585 1037 ne
1608 1002 1734 1046 feriat,
1759 1003 1950 1049 continet,
1976 1013 2141 1042 satanam
2167 1006 2236 1042 sub

181 1075 255 1111 que
269 1063 526 1100 Chananitidae
542 1063 658 1112 prolis
674 1062 817 1099 servire
836 1062 922 1097 facit
937 1062 974 1097 in
991 1058 1172 1097 tribut‹›⁴‘.
1196 1065 1223 1098 B
1245 1061 1404 1112 pedibus
1433 1061 1612 1106 conterit,
1641 1069 1677 1096 et
1703 1074 1818 1110 super
1846 1062 2085 1100 inimicorum
2116 1066 2236 1114 capita

182 1125 229 1159 Et
247 1123 283 1158 in
310 1123 461 1159 materia
480 1121 700 1159 exercendae
721 1121 891 1165 virtutis,
917 1121 1070 1169 majoris
1088 1134 1178 1169 pro-

184 1182 279 1218 fecto
308 1183 487 1232 potentiae
515 1190 590 1227 est,
622 1189 788 1217 erectum
815 1180 961 1216 hostem
993 1178 1178 1228 dejicere,

182 1253 293 1289 quam
310 1249 505 1277 conantem
526 1240 745 1289 reprimere.
767 1238 964 1276 Cliaritatis
979 1238 1174 1288 proprium

181 1308 259 1345 est,
291 1300 516 1336 tentationes
540 1312 615 1335 non
642 1299 849 1348 perimere,
879 1311 925 1333 ne
948 1298 1143 1346 insurgant
1166 1311 1172 1332 :

182 1359 244 1395 sed
260 1373 342 1396 cum
361 1359 612 1404 surrexerint,
631 1367 798 1395 sternere
813 1366 853 1393 ut
867 1370 942 1393 non
959 1357 1174 1406 procedant.

182 1421 314 1467 Itaque
334 1432 411 1454 non
443 1426 514 1454 tam
541 1418 661 1453 virtus
679 1425 837 1466 potens,
859 1429 969 1465 quam
993 1416 1175 1452 virtutum

183 1477 350 1526 potentia
366 1476 524 1513 dicenda
540 1484 617 1521 est,
636 1489 680 1512 eo
694 1474 796 1524 quod
814 1475 860 1511 ab
875 1476 936 1511 illa
951 1488 1082 1511 omnes
1097 1474 1178 1510 alim

185 1536 388 1586 accipiant,
410 1545 449 1572 ut
471 1548 556 1572 vere
577 1535 734 1571 virtutes
755 1534 840 1570 sint.
860 1538 948 1571 Haec
967 1542 1023 1570 est
1039 1534 1115 1569 vita
1135 1534 1176 1568 li—

185 1596 264 1640 dei,
293 1596 371 1646 spei
398 1594 537 1640 robur,
560 1603 597 1631 et
616 1595 785 1630 omnium
806 1593 936 1630 intima
959 1593 1016 1629 vis
1040 1601 1077 1629 et
1096 1605 1153 1628 me

185 1655 287 1691 (lulla
313 1655 509 1691 virtutum.
542 1658 630 1690 Haec
658 1662 733 1699 est,
761 1667 844 1702 quae
865 1652 980 1689 vitam
1006 1651 1176 1696 ordinat,

185 1714 337 1751 affectus
359 1714 590 1758 inflammat,
613 1713 791 1749 informat
811 1712 985 1757 affectus,
1006 1724 1179 1748 excessus

186 1774 360 1822 corrigit,
379 1786 503 1810 mores
524 1772 737 1822 componit3
757 1773 887 1808 valens
905 1771 952 1808 ad
973 1771 1123 1815 omnia,
1144 1779 1180 1806 et

1245 1120 1427 1157 carbones
1454 1119 1622 1168 congerit
1654 1126 1703 1165 ¹⁰,
1730 1128 1865 1168 potens
1891 1134 1967 1156 non
1997 1122 2237 1159 solummodo

1245 1180 1426 1216 adversus
1453 1192 1602 1215 carnem
1629 1187 1666 1214 et
1693 1180 1935 1227 sanguinem,
1967 1181 2030 1216 sed
2061 1181 2239 1219 adversus

1242 1239 1478 1289 principatus
1507 1247 1544 1273 et
1573 1246 1776 1287 potestates
1808 1238 2047 1275 tenebrarum
2077 1241 2234 1281 harum,

1243 1307 1373 1334 contra
1400 1298 1607 1347 spiritualia
1636 1298 1813 1346 nequitiae
1839 1298 1875 1333 in
1903 1299 2176 1336 coelestibus¹¹.
2199 1304 2238 1336 Iu

1244 1357 1409 1393 adversis
1434 1357 1562 1400 sortis,
1591 1356 1656 1392 sed
1685 1357 1818 1392 sortior
1851 1357 1887 1392 in
1908 1359 2111 1407 prosperis.
2131 1360 2240 1396 Solus

1244 1417 1343 1453 enim
1359 1429 1465 1452 amor
1481 1416 1636 1460 Christi,
1654 1416 1717 1464 qui
1736 1415 1891 1452 ridentis
1905 1425 1941 1452 et
1963 1417 2153 1454 irridentis
2171 1419 2241 1453 for-

1245 1484 1343 1511 tunae
1368 1476 1525 1524 impurae
1547 1474 1746 1511 blanditias
1773 1476 1916 1525 spernit
1935 1484 1971 1511 ct
1991 1478 2168 1525 conspuit
2183 1492 2241 1513 sa-

1244 1548 1335 1584 pore
1358 1534 1519 1570 dulciori
1542 1533 1768 1579 delectatus,
1795 1534 1902 1582 cujus
1924 1545 2096 1584 respectu
2117 1539 2240 1574 omnis

1246 1593 1407 1631 dulcedo
1439 1607 1563 1629 amara
1590 1602 1665 1638 est,
1703 1594 1826 1629 omnis
1853 1592 2072 1641 jucunditas
2103 1609 2242 1632 moeror

1245 1661 1324 1697 est,
1348 1666 1461 1689 omne
1482 1653 1683 1702 pulchrum
1707 1653 1846 1688 soedum
1861 1681 1869 1697 ,
1891 1666 2003 1688 omne
2024 1667 2138 1690 suave
2158 1668 2242 1690 mo—

1246 1714 1393 1749 lestum.
1420 1716 1467 1749 Et
1496 1712 1574 1748 haec
1604 1711 1649 1747 de
1679 1711 1759 1760 ejus
1786 1711 2108 1760 insuperabilitate
2137 1714 2242 1748 suffi-

1246 1773 1366 1818 ciant,
1390 1772 1457 1808 etsi
1480 1785 1557 1807 non
1581 1771 1627 1807 ad
1647 1771 1810 1807 materiae
1827 1772 1994 1821 copiam,
2016 1785 2101 1820 quae
2123 1772 2158 1807 in
2178 1773 2241 1808 lit-

185 1832 362 1869 omnibus
379 1833 588 1882 praevalens
609 1846 615 1867 :
638 1845 722 1880 quae
742 1832 859 1880 ipsam
884 1844 1036 1879 quoque
1057 1829 1176 1865 omni-
1193 1834 1220 1869 C
1242 1841 1318 1868 tera
1342 1840 1396 1867 est
1428 1832 1571 1876 minus,
1604 1839 1704 1867 certe
1731 1830 1776 1866 ad
1805 1831 2092 1879 occupationem
2125 1839 2236 1867 tiuun.

187 1891 390 1942 potentiam
413 1890 696 1940 quodammodo
714 1890 837 1927 reddit
852 1890 1113 1939 impotentem.

240 1951 277 1987 4.
298 1954 431 1987 Nonne
445 1951 523 1987 haec
536 1958 605 1996 est,
623 1964 706 1999 quas:
723 1950 760 1985 in
777 1953 907 1998 Moyse
924 1949 1061 1985 ‹livinae
1073 1949 1182 1997 justi-

189 2010 246 2045 tiae
273 2018 310 2045 et
335 2010 513 2059 potentiae
538 2009 715 2054 obstans,
737 2009 936 2058 praevaluit
964 2009 1002 2045 in
1026 2008 1184 2044 fortitu-

187 2068 300 2104 dine?
315 2072 468 2104 Dimitte
480 2083 551 2112 me,
571 2068 706 2117 inquit,
723 2067 1073 2114 ntirasc(1tm·fieror
1086 2081 1186 2103 mem·

187 2137 314 2163 contra
325 2131 506 2176 populum
526 2132 645 2163 istum.
667 2128 782 2171 Audi,
802 2130 977 2170 Dimitee;
997 2135 1033 2163 et
1052 2127 1184 2162 Domi-

189 2201 278 2224 num
293 2187 410 2224 teneri
425 2201 500 2224 non
518 2186 684 2232 dubites3
697 2200 765 2223 nec
777 2186 942 2232 aliunde,
961 2199 1072 2235 quam
1084 2198 1186 2221 amo-

189 2246 238 2281 ris
257 2245 486 2282 fortitudine.
504 2245 649 2293 Quaeris
666 2245 797 2294 cujus?
814 2246 918 2282 Illius
939 2245 1068 2293 utique
1086 2243 1183 2279 servi

189 2304 332 2350 tidelis,
363 2305 427 2354 qui
453 2306 489 2341 in
519 2305 703 2354 populum
729 2305 909 2354 majorem
932 2303 1054 2352 major
1085 2303 1184 2348 lieri,

189 2371 226 2399 et
240 2364 440 2412 gloriosior
455 2376 535 2400 esse
552 2363 696 2408 renuit,
717 2376 785 2400 nec
805 2363 958 2407 carnali,
976 2370 1017 2398 nt
1036 2361 1184 2406 assolet,

190 2422 361 2459 devictus
390 2423 548 2467 affectu;
577 2422 642 2458 sed
665 2435 710 2458 ne
730 2422 768 2458 in
790 2422 861 2458 Dei
881 2421 1036 2470 gloriam
1058 2432 1187 2456 ruere-

191 2490 251 2518 tur
263 2483 456 2518 venenatis
470 2482 620 2532 spiculis
635 2480 957 2530 blasphemorum,
977 2481 1032 2515 Ne
1046 2492 1185 2527 quaeso,

193 2542 263 2587 ait,
284 2544 411 2577 (lirant
432 2544 618 2590 sEgyluii,
646 2542 786 2576 Callitle
805 2543 936 2576 eduxit
957 2553 1039 2583 eos,
1065 2548 1103 2573 let
1129 2542 1185 2572 iu-

1616 1963 1792 2001 CAPUT
1822 1964 1875 2001 Il.

1526 2075 1571 2102 De.
1597 2070 1828 2101 insatiabilitate
1850 2071 1975 2101 amoris.

1304 2178 1340 2211 (5.
1371 2180 1451 2212 Jam
1482 2175 1527 2211 ad
1557 2174 1638 2223 ejus
1669 2173 1984 2211 insatiabilitatem
2012 2175 2247 2214 accedamus.

1254 2239 1348 2272 Sanc
1378 2235 1516 2271 amoris
1546 2234 1804 2270 fortitudinem
1830 2234 1890 2269 illa
1920 2234 2035 2269 cslicit
2065 2234 2248 2278 dulcedo,

1251 2308 1362 2344 quam
1390 2294 1522 2339 sentit,
1552 2293 1660 2342 cujus
1685 2294 1829 2329 tantillo
1852 2301 1963 2342 gustu
1991 2293 2095 2329 facile
2123 2298 2242 2330 Deum

1252 2354 1385 2390 videns
1414 2354 1558 2398 anima,
1595 2361 1730 2389 cuncta
1759 2353 1990 2396 contemnit,
2024 2353 2089 2401 qui
2118 2353 2187 2389 nisi
2213 2355 2249 2389 in

1254 2413 1366 2462 liujus
1404 2412 1535 2448 mundi
1571 2420 1792 2461 contemptu
1831 2424 1906 2447 non
1946 2420 2069 2460 potcst
2104 2413 2250 2456 amari;

1254 2474 1373 2510 sciens
1388 2473 1566 2509 dilectum
1585 2472 1756 2508 invenire
1772 2472 1877 2521 prius
1895 2484 1970 2507 non
1989 2484 2119 2521 posse,
2139 2485 2250 2521 quam

1257 2533 1517 2583 praetercuntis
1546 2532 1677 2568 muudi
1703 2533 1858 2580 liguram
1878 2531 2042 2579 quodam
2070 2531 2251 2580 despectu

193 2601 373 2647 letficeret
391 2602 427 2635 in
444 2600 625 2635 montibus
643 2600 670 2646 ⁵,
692 2614 759 2635 nec
772 2604 895 2648 poluit
911 2604 949 2634 in
966 2608 1101 2634 terram
1126 2602 1187 2632 in-
1208 2597 1238 2630 D
1257 2592 1529 2643 pertransierit.
1551 2592 1646 2627 llinc
1664 2605 1702 2627 se
1720 2591 1756 2626 in
1775 2604 1813 2626 se
1835 2599 1949 2625 totam
1969 2591 2226 2639 perstringens
2241 2619 2250 2634 ‚

194 2661 383 2695 traducere
405 2672 518 2706 quam
536 2663 707 2706 promisit
721 2657 749 2694 ὅ.
770 2659 911 2706 Quidni
932 2657 1085 2694 cesserit
1103 2656 1186 2705 jus-

195 2718 295 2763 titia,
327 2718 480 2754 cesserit
509 2719 699 2768 potentia,
726 2717 790 2753 ubi
821 2717 980 2753 ebaritas
1001 2716 1047 2751 de
1075 2715 1189 2751 corde

193 2790 291 2825 puro
319 2790 394 2813 non
427 2785 499 2813 tam
530 2776 704 2827 rogabat,
736 2790 848 2825 quam
876 2774 1059 2824 urgebat?
1084 2778 1190 2810 Hanc

194 2837 294 2882 vim,
320 2836 504 2880 Domine,
529 2845 567 2872 tu
597 2836 661 2885 qui
686 2836 849 2885 pateris,
878 2835 986 2878 sacis,
1015 2833 1124 2869 simul
1154 2833 1190 2868 in

195 2909 312 2932 unum
342 2904 478 2945 potens
503 2904 540 2931 et
567 2896 661 2945 pius.
684 2898 715 2932 Ο
735 2901 919 2943 quantum
947 2892 1116 2928 virorum
1139 2899 1193 2926 ta-

195 2955 285 2991 lium
305 2955 502 3004 penuriam
521 2955 707 3004 patimur,
722 2953 787 3003 qui
806 2966 876 3002 pro
895 2951 1032 2988 nostris
1050 2950 1194 2986 delictis

197 3014 363 3049 Domino
387 3027 426 3050 sc
448 3021 711 3063 opponerent,
740 3013 931 3063 placarent
951 3010 1063 3055 iram,
1085 3023 1192 3045 com-

197 3073 406 3123 primerent
442 3073 646 3109 ultionem!
682 3075 766 3109 Non
797 3080 869 3114 est,
901 3070 951 3106 ait
985 3068 1193 3118 propbeta,

249 3219 256 3233 ¹
274 3216 366 3245 Rom.
387 3225 466 3252 vlu,
490 3217 543 3245 37.
566 3232 605 3236 —
635 3220 646 3235 ²
673 3213 786 3255 liplics.
813 3224 843 3241 vi
860 3237 867 3247 ,
893 3215 944 3241 1Γι.
965 3229 996 3233 —-
1026 3209 1038 3231 3
1058 3212 1069 3239 ῐ
1095 3213 1174 3239 l'ctr.
1194 3219 1239 3243 tv,

199 3263 214 3285 ’ἱ
230 3267 323 3296 Num.
339 3277 408 3303 xiv,
434 3270 484 3297 lt'».
500 3284 541 3288 ——
559 3272 572 3295 7
591 3267 660 3296 lsai.
685 3278 771 3299 [xiv.
798 3282 845 3294 ι.»

201 3321 327 3355 νι,1’),.
346 3336 386 3340 —-
409 3323 435 3338 ¹²
460 3322 485 3348 ll
500 3321 572 3349 Cor.
590 3330 637 3348 xii
652 3343 660 3356 ,
686 3323 713 3348 52.

906 3265 918 3285 Β
941 3262 1051 3292 tin-ch.
1075 3273 1145 3290 xxii
1163 3285 1170 3297 ,

1189 3265 1241 3291 zio.
1258 3279 1298 3283 -—
1318 3267 1333 3282 ⁸¹
1353 3259 1420 3289 lsai.
1440 3269 1542 3288 xxviii
1556 3282 1563 3295 ,
1584 3262 1636 3287 221.
1653 3276 1684 3279 ›—
1719 3263 1747 3276 ¹··
1770 3260 1860 3287 Rom.
1884 3267 1930 3285 ‚xit
1946 3279 1952 3289 .
1970 3260 2022 3285 tto.

1255 2666 1331 2688 non
1373 2660 1516 2687 tantum
1560 2651 1790 2687 ascensionis
1823 2649 2001 2697 gradibus
2036 2651 2093 2685 vcl
2135 2651 2255 2699 passi·

1256 2711 1326 2747 bus
1348 2711 1483 2755 utitur,
1508 2710 1570 2745 scd
1598 2709 1802 2758 inopinatis
1824 2707 1993 2756 raptibus
2015 2709 2072 2743 vel
2094 2709 2257 2744 cxccssi-

1258 2770 1327 2806 bus
1345 2770 1486 2812 fertur,
1514 2769 1645 2804 volans
1662 2797 1670 2812 ,
1688 2780 1763 2802 non
1786 2766 1927 2802 vadens
1948 2767 1984 2802 in
2004 2767 2063 2802 illa
2082 2766 2256 2803 sublimia

1259 2837 1400 2865 secreta
1422 2827 1643 2863 ‹·‹1·lcstium.
1662 2826 1772 2863 l'nde
1791 2835 1827 2860 ct
1854 2826 1991 2861 Paulus
2013 2839 2087 2861 non
2119 2826 2153 2861 in
2185 2835 2260 2862 ter·

1262 2890 1352 2925 tium
1378 2889 1512 2923 coelum
1545 2900 1583 2923 sc
1613 2886 1849 2930 ascendisse,
1873 2885 1935 2920 sed
1970 2894 2118 2934 raptum
2150 2886 2261 2921 fuisse

1261 2947 1432 2997 perliibct
1454 2953 1495 2992 ¹²,
1518 2946 1580 2982 ubi
1602 2946 1653 2981 sic
1670 2946 1832 2981 allicitur
1848 2958 1893 2980 co
1912 2945 2016 2993 quasi
2038 2945 2112 2993 igni
2137 2945 2183 2980 ‹lc
2204 2947 2260 2981 al-

1263 3007 1355 3051 tari;
1379 3006 1466 3042 dum
1488 3006 1635 3041 animus
1663 3005 1793 3040 divino
1824 3003 1989 3039 ebriatus
2019 3017 2146 3040 amore
2170 3004 2263 3040 obli-

1263 3065 1416 3101 viscitur
1436 3065 1629 3109 omnium,
1647 3072 1681 3099 ct
1703 3072 1802 3098 totus
1819 3062 1940 3112 pergit
1965 3062 2000 3097 iu
2033 3065 2152 3098 Deum
2166 3092 2174 3105 ‚
2194 3077 2262 3111 :gu—

1265 3211 1314 3238 18.
1333 3224 1374 3228 —
1399 3207 1410 3231 4
1432 3209 1520 3237 licut.
1547 3217 1609 3241 xx,
1639 3208 1688 3234 11.
1708 3223 1740 3225 Α
1772 3202 2036 3236 ³1³..xod.xxm,
2065 3207 2119 3235 10,
2154 3207 2202 3232 w.
2222 3221 2261 3225 ---

2103 3263 2125 3278 ¹¹
2151 3255 2260 3297 [Ἰήιε-ι.
